<?xml version="1.0" encoding="UTF-8"?>
<!DOCTYPE html PUBLIC "-//W3C//DTD XHTML 1.0 Transitional//EN"
    "http://www.w3.org/TR/xhtml1/DTD/xhtml1-transitional.dtd">
<html xmlns="http://www.w3.org/1999/xhtml" xml:lang="en" lang="en">
 <head>
  <title>
</title>
<meta http-equiv="Content-Type" content="text/html;charset=utf-8" />
  <meta name='ocr-system' content='tesseract 3.04.00' />
  <meta name='ocr-capabilities' content='ocr_page ocr_carea ocr_par ocr_line ocrx_word'/>
</head>
<body>
  <div class='ocr_page' id='page_1' title='image "./tacitusdevitaet02tacigoog_0075.png"; bbox 0 0 3038 4300; ppageno 0'>
   <div class='ocr_carea' id='block_1_1' title="bbox 36 381 1505 2953">
    <p class='ocr_par' dir='ltr' id='par_1_1' title="bbox 36 381 1505 2953">
     <span class='ocr_line' id='line_1_1' title="bbox 251 381 942 464; baseline 0 -28"><span class='ocrx_word' id='word_1_1' title='bbox 251 381 292 444; x_wconf 88' lang='lat'>30</span> <span class='ocrx_word' id='word_1_2' title='bbox 489 442 492 450; x_wconf 61' lang='grc'><em>,</em></span> <span class='ocrx_word' id='word_1_3' title='bbox 564 388 594 436; x_wconf 81' lang='lat' dir='ltr'>r.</span> <span class='ocrx_word' id='word_1_4' title='bbox 619 385 793 464; x_wconf 78' lang='lat' dir='ltr'>sonuum</span> <span class='ocrx_word' id='word_1_5' title='bbox 817 385 942 436; x_wconf 83' lang='lat' dir='ltr'>rAcrrr</span> 
     </span>
     <span class='ocr_line' id='line_1_2' title="bbox 249 559 1255 654; baseline -0.003 -29"><span class='ocrx_word' id='word_1_6' title='bbox 249 560 707 654; x_wconf 45' lang='lat' dir='ltr'>trrumphalrbusjornamentrs</span> <span class='ocrx_word' id='word_1_7' title='bbox 728 560 872 638; x_wconf 90' lang='lat' dir='ltr'>praedrto</span> <span class='ocrx_word' id='word_1_8' title='bbox 891 559 968 638; x_wconf 90' lang='lat' dir='ltr'>qu1d</span> <span class='ocrx_word' id='word_1_9' title='bbox 986 559 1074 620; x_wconf 84' lang='lat' dir='ltr'>aliud</span> <span class='ocrx_word' id='word_1_10' title='bbox 1093 561 1150 622; x_wconf 85' lang='lat' dir='ltr'>ads</span> <span class='ocrx_word' id='word_1_11' title='bbox 1166 578 1255 622; x_wconf 86' lang='lat' dir='ltr'>ruere</span> 
     </span>
     <span class='ocr_line' id='line_1_3' title="bbox 249 665 1256 745; baseline -0.002 -16"><span class='ocrx_word' id='word_1_12' title='bbox 249 671 378 729; x_wconf 85' lang='lat' dir='ltr'>fortuna</span> <span class='ocrx_word' id='word_1_13' title='bbox 398 672 530 745; x_wconf 87' lang='lat' dir='ltr'>poterat,</span> <span class='ocrx_word' id='word_1_14' title='bbox 552 665 620 725; x_wconf 92' lang='lat' dir='ltr'>filia</span> <span class='ocrx_word' id='word_1_15' title='bbox 640 671 734 742; x_wconf 87' lang='lat' dir='ltr'>atque</span> <span class='ocrx_word' id='word_1_16' title='bbox 755 683 851 725; x_wconf 82' lang='lat' dir='ltr'>uxore</span> <span class='ocrx_word' id='word_1_17' title='bbox 873 665 1120 743; x_wconf 79' lang='lat' dir='ltr'>superstitibus?</span> <span class='ocrx_word' id='word_1_18' title='bbox 1149 672 1256 745; x_wconf 89' lang='lat' dir='ltr'>potest</span> 
     </span>
     <span class='ocr_line' id='line_1_4' title="bbox 249 770 1253 850; baseline -0.002 -16"><span class='ocrx_word' id='word_1_19' title='bbox 249 774 352 834; x_wconf 84' lang='lat' dir='ltr'>videri</span> <span class='ocrx_word' id='word_1_20' title='bbox 376 773 472 832; x_wconf 87' lang='lat' dir='ltr'>etiam</span> <span class='ocrx_word' id='word_1_21' title='bbox 500 771 610 831; x_wconf 91' lang='lat' dir='ltr'>beatus</span> <span class='ocrx_word' id='word_1_22' title='bbox 635 770 785 830; x_wconf 91' lang='lat' dir='ltr'>incolumi</span> <span class='ocrx_word' id='word_1_23' title='bbox 809 770 973 846; x_wconf 81' lang='lat' dir='ltr'><strong>dignitate,</strong></span> <span class='ocrx_word' id='word_1_24' title='bbox 999 770 1253 850; x_wconf 52' lang='lat' dir='ltr'>florentepfama</span> 
     </span>
     <span class='ocr_line' id='line_1_5' title="bbox 250 864 1349 952; baseline -0.002 -13"><span class='ocrx_word' id='word_1_25' title='bbox 250 879 347 940; x_wconf 87' lang='lat' dir='ltr'>salvis</span> <span class='ocrx_word' id='word_1_26' title='bbox 368 876 586 938; x_wconf 90' lang='lat' dir='ltr'>adfinitatibus</span> <span class='ocrx_word' id='word_1_27' title='bbox 611 881 643 935; x_wconf 86' lang='lat' dir='ltr'>et</span> <span class='ocrx_word' id='word_1_28' title='bbox 667 875 816 936; x_wconf 77' lang='lat' dir='ltr'>amicitiis</span> <span class='ocrx_word' id='word_1_29' title='bbox 841 875 950 936; x_wconf 85' lang='lat' dir='ltr'>futura</span> <span class='ocrx_word' id='word_1_30' title='bbox 971 876 1128 952; x_wconf 83' lang='lat' dir='ltr'>effugisse.</span> <span class='ocrx_word' id='word_1_31' title='bbox 1170 878 1253 937; x_wconf 90' lang='lat' dir='ltr'>Nam</span> <span class='ocrx_word' id='word_1_32' title='bbox 1342 864 1349 877; x_wconf 81' lang='grc'>’</span> 
     </span>
     <span class='ocr_line' id='line_1_6' title="bbox 222 981 1254 1045; baseline 0 -3"><span class='ocrx_word' id='word_1_33' title='bbox 222 985 332 1045; x_wconf 82' lang='lat' dir='ltr'>osicut</span> <span class='ocrx_word' id='word_1_34' title='bbox 359 983 389 1043; x_wconf 91' lang='lat' dir='ltr'>ei</span> <span class='ocrx_word' id='word_1_35' title='bbox 417 1001 481 1042; x_wconf 89' lang='lat' dir='ltr'>non</span> <span class='ocrx_word' id='word_1_36' title='bbox 505 981 595 1041; x_wconf 91' lang='lat' dir='ltr'>licuit</span> <span class='ocrx_word' id='word_1_37' title='bbox 624 981 736 1040; x_wconf 90' lang='lat' dir='ltr'>durare</span> <span class='ocrx_word' id='word_1_38' title='bbox 766 981 800 1038; x_wconf 91' lang='lat' dir='ltr'>in</span> <span class='ocrx_word' id='word_1_39' title='bbox 828 981 910 1041; x_wconf 90' lang='lat' dir='ltr'>hanc</span> <span class='ocrx_word' id='word_1_40' title='bbox 938 981 1113 1042; x_wconf 77' lang='lat' dir='ltr'>beatissimi</span> <span class='ocrx_word' id='word_1_41' title='bbox 1138 983 1254 1042; x_wconf 91' lang='lat' dir='ltr'>saeculi</span> 
     </span>
     <span class='ocr_line' id='line_1_7' title="bbox 250 1085 1255 1166; baseline 0 -18"><span class='ocrx_word' id='word_1_42' title='bbox 250 1090 352 1149; x_wconf 90' lang='lat' dir='ltr'>lucem</span> <span class='ocrx_word' id='word_1_43' title='bbox 366 1107 402 1148; x_wconf 88' lang='lat' dir='ltr'>ac</span> <span class='ocrx_word' id='word_1_44' title='bbox 416 1087 589 1166; x_wconf 88' lang='lat' dir='ltr'>principem</span> <span class='ocrx_word' id='word_1_45' title='bbox 605 1085 775 1146; x_wconf 83' lang='lat' dir='ltr'>Traianum</span> <span class='ocrx_word' id='word_1_46' title='bbox 789 1086 905 1161; x_wconf 85' lang='lat' dir='ltr'>videre,</span> <span class='ocrx_word' id='word_1_47' title='bbox 918 1087 1002 1164; x_wconf 90' lang='lat' dir='ltr'>quod</span> <span class='ocrx_word' id='word_1_48' title='bbox 1016 1087 1146 1163; x_wconf 87' lang='lat' dir='ltr'>augurio</span> <span class='ocrx_word' id='word_1_49' title='bbox 1160 1089 1255 1149; x_wconf 87' lang='lat' dir='ltr'>votis-</span> 
     </span>
     <span class='ocr_line' id='line_1_8' title="bbox 250 1191 1253 1272; baseline -0.001 -18"><span class='ocrx_word' id='word_1_50' title='bbox 250 1213 310 1272; x_wconf 85' lang='lat' dir='ltr'>que</span> <span class='ocrx_word' id='word_1_51' title='bbox 332 1195 416 1272; x_wconf 87' lang='lat' dir='ltr'>apud</span> <span class='ocrx_word' id='word_1_52' title='bbox 436 1198 560 1252; x_wconf 88' lang='lat' dir='ltr'>nostras</span> <span class='ocrx_word' id='word_1_53' title='bbox 578 1191 663 1252; x_wconf 87' lang='lat' dir='ltr'>auris</span> <span class='ocrx_word' id='word_1_54' title='bbox 679 1191 884 1265; x_wconf 88' lang='lat' dir='ltr'>ominabatur,</span> <span class='ocrx_word' id='word_1_55' title='bbox 899 1191 945 1251; x_wconf 90' lang='lat' dir='ltr'>ita</span> <span class='ocrx_word' id='word_1_56' title='bbox 959 1191 1130 1252; x_wconf 83' lang='lat' dir='ltr'>festinatae</span> <span class='ocrx_word' id='word_1_57' title='bbox 1143 1193 1253 1254; x_wconf 88' lang='lat' dir='ltr'>mortis</span> 
     </span>
     <span class='ocr_line' id='line_1_9' title="bbox 250 1295 1369 1376; baseline -0.001 -17"><span class='ocrx_word' id='word_1_58' title='bbox 250 1300 367 1376; x_wconf 86' lang='lat' dir='ltr'>grande</span> <span class='ocrx_word' id='word_1_59' title='bbox 387 1297 535 1360; x_wconf 89' lang='lat' dir='ltr'>solacium</span> <span class='ocrx_word' id='word_1_60' title='bbox 554 1297 629 1356; x_wconf 89' lang='lat' dir='ltr'>tulit</span> <span class='ocrx_word' id='word_1_61' title='bbox 650 1295 788 1356; x_wconf 82' lang='lat' dir='ltr'>evasisse</span> <span class='ocrx_word' id='word_1_62' title='bbox 809 1301 1002 1373; x_wconf 88' lang='lat' dir='ltr'>postremum</span> <span class='ocrx_word' id='word_1_63' title='bbox 1023 1297 1104 1357; x_wconf 88' lang='lat' dir='ltr'>illud</span> <span class='ocrx_word' id='word_1_64' title='bbox 1119 1302 1253 1376; x_wconf 87' lang='lat' dir='ltr'>tempus,</span> <span class='ocrx_word' id='word_1_65' title='bbox 1365 1367 1369 1375; x_wconf 29' lang='lat'><strong>¹</strong></span> 
     </span>
     <span class='ocr_line' id='line_1_10' title="bbox 250 1375 1505 1496; baseline 0 -32"><span class='ocrx_word' id='word_1_66' title='bbox 250 1424 313 1482; x_wconf 93' lang='lat' dir='ltr'>quo</span> <span class='ocrx_word' id='word_1_67' title='bbox 336 1404 537 1464; x_wconf 87' lang='lat' dir='ltr'>Domitianus</span> <span class='ocrx_word' id='word_1_68' title='bbox 561 1421 626 1461; x_wconf 91' lang='lat' dir='ltr'>non</span> <span class='ocrx_word' id='word_1_69' title='bbox 650 1401 790 1478; x_wconf 90' lang='lat' dir='ltr'>iamper</span> <span class='ocrx_word' id='word_1_70' title='bbox 814 1401 982 1462; x_wconf 89' lang='lat' dir='ltr'>intervalla</span> <span class='ocrx_word' id='word_1_71' title='bbox 1005 1421 1041 1462; x_wconf 87' lang='lat' dir='ltr'>ac</span> <span class='ocrx_word' id='word_1_72' title='bbox 1062 1375 1435 1496; x_wconf 48' lang='lat' dir='ltr'>spirarnentaitff</span> <span class='ocrx_word' id='word_1_73' title='bbox 1503 1451 1505 1472; x_wconf 76' lang='grc'>,</span> 
     </span>
     <span class='ocr_line' id='line_1_11' title="bbox 209 1505 1253 1588; baseline 0 -18"><span class='ocrx_word' id='word_1_74' title='bbox 209 1525 238 1570; x_wconf 88' lang='lat'>10</span> <span class='ocrx_word' id='word_1_75' title='bbox 250 1515 436 1588; x_wconf 89' lang='lat' dir='ltr'>temporum,</span> <span class='ocrx_word' id='word_1_76' title='bbox 452 1509 507 1568; x_wconf 92' lang='lat' dir='ltr'>sed</span> <span class='ocrx_word' id='word_1_77' title='bbox 527 1506 676 1567; x_wconf 91' lang='lat' dir='ltr'>continuo</span> <span class='ocrx_word' id='word_1_78' title='bbox 697 1512 729 1566; x_wconf 89' lang='lat' dir='ltr'>ct</span> <span class='ocrx_word' id='word_1_79' title='bbox 744 1505 833 1566; x_wconf 90' lang='lat' dir='ltr'>velut</span> <span class='ocrx_word' id='word_1_80' title='bbox 853 1525 915 1566; x_wconf 92' lang='lat' dir='ltr'>uno</span> <span class='ocrx_word' id='word_1_81' title='bbox 930 1507 997 1567; x_wconf 90' lang='lat' dir='ltr'>ictu</span> <span class='ocrx_word' id='word_1_82' title='bbox 1013 1526 1076 1567; x_wconf 88' lang='lat' dir='ltr'>rem</span> <span class='ocrx_word' id='word_1_83' title='bbox 1094 1509 1253 1586; x_wconf 82' lang='lat' dir='ltr'>publicam</span> 
     </span>
     <span class='ocr_line' id='line_1_12' title="bbox 250 1602 864 1729; baseline 0 -55"><span class='ocrx_word' id='word_1_84' title='bbox 250 1614 404 1675; x_wconf 87' lang='lat' dir='ltr'>exhausit.</span> <span class='ocrx_word' id='word_1_85' title='bbox 634 1617 635 1620; x_wconf 70' lang='grc'>’</span> <span class='ocrx_word' id='word_1_86' title='bbox 721 1602 864 1729; x_wconf 60' lang='lat' dir='ltr'><em>W</em></span> 
     </span>
     <span class='ocr_line' id='line_1_13' title="bbox 289 1716 1253 1816; baseline -0.002 -35"><span class='ocrx_word' id='word_1_87' title='bbox 289 1719 338 1781; x_wconf 80' lang='lat'>45.</span> <span class='ocrx_word' id='word_1_88' title='bbox 366 1720 440 1778; x_wconf 87' lang='lat' dir='ltr'>Non</span> <span class='ocrx_word' id='word_1_89' title='bbox 460 1717 543 1778; x_wconf 87' lang='lat' dir='ltr'>vidit</span> <span class='ocrx_word' id='word_1_90' title='bbox 563 1716 712 1793; x_wconf 80' lang='lat' dir='ltr'>Agricola</span> <span class='ocrx_word' id='word_1_91' title='bbox 740 1717 898 1778; x_wconf 90' lang='lat' dir='ltr'>obsessam</span> <span class='ocrx_word' id='word_1_92' title='bbox 902 1717 1039 1816; x_wconf 43' lang='lat' dir='ltr'>&amp;uriam</span> <span class='ocrx_word' id='word_1_93' title='bbox 1059 1723 1091 1778; x_wconf 90' lang='lat' dir='ltr'>et</span> <span class='ocrx_word' id='word_1_94' title='bbox 1111 1717 1253 1780; x_wconf 90' lang='lat' dir='ltr'>clausum</span> 
     </span>
     <span class='ocr_line' id='line_1_14' title="bbox 249 1823 1251 1905; baseline 0 -20"><span class='ocrx_word' id='word_1_95' title='bbox 249 1825 345 1885; x_wconf 86' lang='lat' dir='ltr'>armis</span> <span class='ocrx_word' id='word_1_96' title='bbox 365 1830 509 1885; x_wconf 87' lang='lat' dir='ltr'>senatum</span> <span class='ocrx_word' id='word_1_97' title='bbox 528 1829 560 1883; x_wconf 91' lang='lat' dir='ltr'>et</span> <span class='ocrx_word' id='word_1_98' title='bbox 580 1823 815 1905; x_wconf 28' lang='lat' dir='ltr'>eademlstrage</span> <span class='ocrx_word' id='word_1_99' title='bbox 836 1828 884 1882; x_wconf 92' lang='lat' dir='ltr'>tot</span> <span class='ocrx_word' id='word_1_100' title='bbox 905 1823 1116 1883; x_wconf 85' lang='lat' dir='ltr'>consularium</span> <span class='ocrx_word' id='word_1_101' title='bbox 1132 1826 1251 1900; x_wconf 89' lang='lat' dir='ltr'>caedes,</span> 
     </span>
     <span class='ocr_line' id='line_1_15' title="bbox 247 1927 1253 2004; baseline 0.003 -17"><span class='ocrx_word' id='word_1_102' title='bbox 247 1933 295 1987; x_wconf 90' lang='lat' dir='ltr'>tot</span> <span class='ocrx_word' id='word_1_103' title='bbox 312 1927 578 1988; x_wconf 89' lang='lat' dir='ltr'>nobilissimarum</span> <span class='ocrx_word' id='word_1_104' title='bbox 595 1927 786 1987; x_wconf 86' lang='lat' dir='ltr'>feminarum</span> <span class='ocrx_word' id='word_1_105' title='bbox 807 1927 904 1988; x_wconf 87' lang='lat' dir='ltr'>exilia</span> <span class='ocrx_word' id='word_1_106' title='bbox 922 1934 954 1988; x_wconf 90' lang='lat' dir='ltr'>et</span> <span class='ocrx_word' id='word_1_107' title='bbox 969 1928 1070 2004; x_wconf 83' lang='lat' dir='ltr'>fugas.</span> <span class='ocrx_word' id='word_1_108' title='bbox 1114 1932 1189 1991; x_wconf 92' lang='lat' dir='ltr'>Una</span> <span class='ocrx_word' id='word_1_109' title='bbox 1202 1930 1253 1990; x_wconf 87' lang='lat' dir='ltr'>ad-</span> 
     </span>
     <span class='ocr_line' id='line_1_16' title="bbox 207 2033 1251 2096; baseline 0 0"><span class='ocrx_word' id='word_1_110' title='bbox 207 2050 236 2096; x_wconf 81' lang='lat'>15</span> <span class='ocrx_word' id='word_1_111' title='bbox 248 2034 309 2094; x_wconf 91' lang='lat' dir='ltr'>huc</span> <span class='ocrx_word' id='word_1_112' title='bbox 326 2034 459 2093; x_wconf 89' lang='lat' dir='ltr'>victoria</span> <span class='ocrx_word' id='word_1_113' title='bbox 479 2033 576 2093; x_wconf 80' lang='lat' dir='ltr'>Carus</span> <span class='ocrx_word' id='word_1_114' title='bbox 595 2033 714 2094; x_wconf 89' lang='lat' dir='ltr'>Metius</span> <span class='ocrx_word' id='word_1_115' title='bbox 736 2034 920 2094; x_wconf 81' lang='lat' dir='ltr'>censebatur</span> <span class='ocrx_word' id='word_1_116' title='bbox 941 2039 973 2094; x_wconf 92' lang='lat' dir='ltr'>et</span> <span class='ocrx_word' id='word_1_117' title='bbox 994 2035 1079 2094; x_wconf 90' lang='lat' dir='ltr'>intra</span> <span class='ocrx_word' id='word_1_118' title='bbox 1095 2035 1251 2096; x_wconf 87' lang='lat' dir='ltr'>Albanam</span> 
     </span>
     <span class='ocr_line' id='line_1_17' title="bbox 249 2101 1251 2216; baseline 0.003 -16"><span class='ocrx_word' id='word_1_119' title='bbox 249 2159 352 2200; x_wconf 88' lang='lat' dir='ltr'>arcem</span> <span class='ocrx_word' id='word_1_120' title='bbox 373 2139 530 2200; x_wconf 88' lang='lat' dir='ltr'>sententia</span> <span class='ocrx_word' id='word_1_121' title='bbox 553 2139 718 2199; x_wconf 88' lang='lat' dir='ltr'>Messalini</span> <span class='ocrx_word' id='word_1_122' title='bbox 732 2101 902 2216; x_wconf 47' lang='lat' dir='ltr'>“stiepefflil&#39;t</span> <span class='ocrx_word' id='word_1_123' title='bbox 924 2145 956 2199; x_wconf 91' lang='lat' dir='ltr'>et</span> <span class='ocrx_word' id='word_1_124' title='bbox 983 2140 1091 2202; x_wconf 91' lang='lat' dir='ltr'>Massa</span> <span class='ocrx_word' id='word_1_125' title='bbox 1115 2141 1251 2203; x_wconf 89' lang='lat' dir='ltr'>Baebius</span> 
     </span>
     <span class='ocr_line' id='line_1_18' title="bbox 36 2243 1335 2330; baseline 0.002 -26"><span class='ocrx_word' id='word_1_126' title='bbox 36 2243 95 2309; x_wconf 45' lang='lat' dir='ltr'>ias</span> <span class='ocrx_word' id='word_1_127' title='bbox 106 2252 187 2318; x_wconf 57' lang='grc' dir='ltr'>ω’</span> <span class='ocrx_word' id='word_1_128' title='bbox 248 2246 388 2330; x_wconf 78' lang='lat' dir='ltr'>nondum</span> <span class='ocrx_word' id='word_1_129' title='bbox 412 2263 483 2304; x_wconf 90' lang='lat' dir='ltr'>reus</span> <span class='ocrx_word' id='word_1_130' title='bbox 508 2249 700 2320; x_wconf 39' lang='lat' dir='ltr'>cratymox</span> <span class='ocrx_word' id='word_1_131' title='bbox 724 2249 849 2323; x_wconf 75' lang='lat' dir='ltr'>nostrae</span> <span class='ocrx_word' id='word_1_132' title='bbox 874 2245 989 2304; x_wconf 85' lang='lat' dir='ltr'>duxere</span> <span class='ocrx_word' id='word_1_133' title='bbox 1011 2245 1196 2305; x_wconf 85' lang='lat' dir='ltr'>Helvidium</span> <span class='ocrx_word' id='word_1_134' title='bbox 1217 2247 1251 2306; x_wconf 93' lang='lat' dir='ltr'>in</span> <span class='ocrx_word' id='word_1_135' title='bbox 1332 2248 1335 2256; x_wconf 78' lang='grc'><strong>“</strong></span> 
     </span>
     <span class='ocr_line' id='line_1_19' title="bbox 248 2319 1251 2454; baseline 0.002 -44"><span class='ocrx_word' id='word_1_136' title='bbox 248 2369 402 2410; x_wconf 87' lang='lat' dir='ltr'>carcerem</span> <span class='ocrx_word' id='word_1_137' title='bbox 437 2368 547 2409; x_wconf 90' lang='lat' dir='ltr'>manus</span> <span class='ocrx_word' id='word_1_138' title='bbox 553 2319 593 2432; x_wconf 71' lang='lat' dir='ltr'>,s</span> <span class='ocrx_word' id='word_1_139' title='bbox 600 2367 656 2408; x_wconf 90' lang='lat' dir='ltr'>nos</span> <span class='ocrx_word' id='word_1_140' title='bbox 684 2328 819 2441; x_wconf 73' lang='lat' dir='ltr'>Maurici</span> <span class='ocrx_word' id='word_1_141' title='bbox 830 2349 1041 2454; x_wconf 40' lang='lat' dir='ltr'>&amp;sucique</span> <span class='ocrx_word' id='word_1_142' title='bbox 1069 2351 1165 2426; x_wconf 89' lang='lat' dir='ltr'>visus,</span> <span class='ocrx_word' id='word_1_143' title='bbox 1194 2371 1251 2412; x_wconf 90' lang='lat' dir='ltr'>nos</span> 
     </span>
     <span class='ocr_line' id='line_1_20' title="bbox 104 2430 1251 2568; baseline 0.001 -53"><span class='ocrx_word' id='word_1_144' title='bbox 104 2455 408 2568; x_wconf 39' lang='lat' dir='ltr'>moifflaeenti</span> <span class='ocrx_word' id='word_1_145' title='bbox 429 2430 580 2530; x_wconf 80' lang='lat' dir='ltr'>sanguine</span> <span class='ocrx_word' id='word_1_146' title='bbox 606 2454 735 2514; x_wconf 86' lang='lat' dir='ltr'>Senecio</span> <span class='ocrx_word' id='word_1_147' title='bbox 747 2434 908 2531; x_wconf 26' lang='lat' dir='ltr'><strong>&amp;fudit-</strong></span> <span class='ocrx_word' id='word_1_148' title='bbox 952 2455 1037 2514; x_wconf 88' lang='lat' dir='ltr'>Nero</span> <span class='ocrx_word' id='word_1_149' title='bbox 1055 2461 1160 2515; x_wconf 85' lang='lat' dir='ltr'>tamen</span> <span class='ocrx_word' id='word_1_150' title='bbox 1182 2458 1251 2516; x_wconf 86' lang='lat' dir='ltr'>sub</span> 
     </span>
     <span class='ocr_line' id='line_1_21' title="bbox 205 2559 1251 2639; baseline -0.005 -13.622"><span class='ocrx_word' id='word_1_151' title='bbox 205 2581 235 2626; x_wconf 78' lang='lat' dir='ltr'>ao</span> <span class='ocrx_word' id='word_1_152' title='bbox 247 2561 347 2621; x_wconf 87' lang='lat' dir='ltr'>traxit</span> <span class='ocrx_word' id='word_1_153' title='bbox 363 2561 468 2620; x_wconf 89' lang='lat' dir='ltr'>oculos</span> <span class='ocrx_word' id='word_1_154' title='bbox 486 2579 558 2620; x_wconf 87' lang='lat' dir='ltr'>suos</span> <span class='ocrx_word' id='word_1_155' title='bbox 575 2559 731 2636; x_wconf 90' lang='lat' dir='ltr'>iussitque</span> <span class='ocrx_word' id='word_1_156' title='bbox 749 2559 874 2634; x_wconf 90' lang='lat' dir='ltr'>scelera,</span> <span class='ocrx_word' id='word_1_157' title='bbox 889 2579 952 2618; x_wconf 90' lang='lat' dir='ltr'>non</span> <span class='ocrx_word' id='word_1_158' title='bbox 971 2561 1143 2637; x_wconf 87' lang='lat' dir='ltr'>spectavit:</span> <span class='ocrx_word' id='word_1_159' title='bbox 1166 2581 1251 2639; x_wconf 86' lang='lat' dir='ltr'>prae-</span> 
     </span>
     <span class='ocr_line' id='line_1_22' title="bbox 247 2665 1250 2777; baseline 0 -51"><span class='ocrx_word' id='word_1_160' title='bbox 247 2667 341 2743; x_wconf 86' lang='lat' dir='ltr'>cipua</span> <span class='ocrx_word' id='word_1_161' title='bbox 371 2666 429 2726; x_wconf 91' lang='lat' dir='ltr'>sub</span> <span class='ocrx_word' id='word_1_162' title='bbox 458 2665 639 2724; x_wconf 92' lang='lat' dir='ltr'>Domitiano</span> <span class='ocrx_word' id='word_1_163' title='bbox 668 2665 865 2777; x_wconf 51' lang='lat' dir='ltr'>miseraiffiuffl</span> <span class='ocrx_word' id='word_1_164' title='bbox 895 2684 967 2741; x_wconf 87' lang='lat' dir='ltr'>pars</span> <span class='ocrx_word' id='word_1_165' title='bbox 996 2671 1064 2724; x_wconf 91' lang='lat' dir='ltr'>erat</span> <span class='ocrx_word' id='word_1_166' title='bbox 1084 2666 1190 2725; x_wconf 87' lang='lat' dir='ltr'>videre</span> <span class='ocrx_word' id='word_1_167' title='bbox 1218 2673 1250 2726; x_wconf 87' lang='lat' dir='ltr'>et</span> 
     </span>
     <span class='ocr_line' id='line_1_23' title="bbox 247 2709 1251 2848; baseline -0.001 -17"><span class='ocrx_word' id='word_1_168' title='bbox 247 2772 376 2848; x_wconf 87' lang='lat' dir='ltr'>adspici,</span> <span class='ocrx_word' id='word_1_169' title='bbox 391 2790 462 2830; x_wconf 89' lang='lat' dir='ltr'>cum</span> <span class='ocrx_word' id='word_1_170' title='bbox 483 2770 619 2848; x_wconf 87' lang='lat' dir='ltr'>suspiria</span> <span class='ocrx_word' id='word_1_171' title='bbox 638 2776 747 2830; x_wconf 91' lang='lat' dir='ltr'>nostra</span> <span class='ocrx_word' id='word_1_172' title='bbox 767 2709 1043 2845; x_wconf 52' lang='lat' dir='ltr'>subscribiffiitur,</span> <span class='ocrx_word' id='word_1_173' title='bbox 1068 2789 1138 2830; x_wconf 91' lang='lat' dir='ltr'>cum</span> <span class='ocrx_word' id='word_1_174' title='bbox 1160 2772 1251 2831; x_wconf 86' lang='lat' dir='ltr'>deno</span> 
     </span>
     <span class='ocr_line' id='line_1_24' title="bbox 246 2874 1248 2953; baseline 0.001 -16"><span class='ocrx_word' id='word_1_175' title='bbox 246 2877 351 2938; x_wconf 78' lang='lat' dir='ltr'>tendis</span> <span class='ocrx_word' id='word_1_176' title='bbox 362 2882 411 2937; x_wconf 93' lang='lat' dir='ltr'>tot</span> <span class='ocrx_word' id='word_1_177' title='bbox 424 2876 587 2935; x_wconf 88' lang='lat' dir='ltr'>hominum</span> <span class='ocrx_word' id='word_1_178' title='bbox 598 2875 770 2953; x_wconf 88' lang='lat' dir='ltr'>palloribus</span> <span class='ocrx_word' id='word_1_179' title='bbox 784 2874 938 2934; x_wconf 88' lang='lat' dir='ltr'>sufficeret</span> <span class='ocrx_word' id='word_1_180' title='bbox 953 2894 1064 2937; x_wconf 88' lang='lat' dir='ltr'>saevus</span> <span class='ocrx_word' id='word_1_181' title='bbox 1075 2876 1130 2936; x_wconf 91' lang='lat' dir='ltr'>ille</span> <span class='ocrx_word' id='word_1_182' title='bbox 1141 2877 1248 2938; x_wconf 88' lang='lat' dir='ltr'>vultus</span> 
     </span>
    </p>
   </div>
   <div class='ocr_carea' id='block_1_2' title="bbox 247 2964 1240 3094">
    <p class='ocr_par' dir='ltr' id='par_1_2' title="bbox 247 2964 1240 3094">
     <span class='ocr_line' id='line_1_25' title="bbox 247 2964 1240 3094; baseline -0.007 -52"><span class='ocrx_word' id='word_1_183' title='bbox 247 2989 279 3042; x_wconf 89' lang='lat' dir='ltr'>et</span> <span class='ocrx_word' id='word_1_184' title='bbox 293 2983 394 3058; x_wconf 85' lang='lat' dir='ltr'>rubor,</span> <span class='ocrx_word' id='word_1_185' title='bbox 410 3001 471 3060; x_wconf 93' lang='lat' dir='ltr'>quo</span> <span class='ocrx_word' id='word_1_186' title='bbox 486 3000 519 3042; x_wconf 89' lang='lat' dir='ltr'>se</span> <span class='ocrx_word' id='word_1_187' title='bbox 533 2986 641 3040; x_wconf 90' lang='lat' dir='ltr'>contra</span> <span class='ocrx_word' id='word_1_188' title='bbox 655 2981 805 3058; x_wconf 91' lang='lat' dir='ltr'>pudorem</span> <span class='ocrx_word' id='word_1_189' title='bbox 820 2981 1053 3060; x_wconf 54' lang='lat' dir='ltr'>muniebat.&#39;«=›</span> <span class='ocrx_word' id='word_1_190' title='bbox 1071 2967 1079 3021; x_wconf 63' lang='grc' dir='ltr'><strong>ἶ</strong></span> <span class='ocrx_word' id='word_1_191' title='bbox 1115 3009 1164 3094; x_wconf 54' lang='lat' dir='ltr'>*ff*</span> <span class='ocrx_word' id='word_1_192' title='bbox 1187 2964 1240 3055; x_wconf 49' lang='lat' dir='ltr'>Q</span> 
     </span>
    </p>
   </div>
   <div class='ocr_carea' id='block_1_3' title="bbox 689 3168 832 3230">
    <p class='ocr_par' dir='ltr' id='par_1_3' title="bbox 689 3168 832 3230">
     <span class='ocr_line' id='line_1_26' title="bbox 689 3168 832 3230; baseline 0 -14"><span class='ocrx_word' id='word_1_193' title='bbox 689 3168 832 3230; x_wconf 75' lang='lat' dir='ltr'>Epilopuc.</span> 
     </span>
    </p>
   </div>
   <div class='ocr_carea' id='block_1_4' title="bbox 67 3291 1409 3900">
    <p class='ocr_par' dir='ltr' id='par_1_4' title="bbox 67 3291 1409 3900">
     <span class='ocr_line' id='line_1_27' title="bbox 202 3291 1247 3368; baseline 0.002 -18"><span class='ocrx_word' id='word_1_194' title='bbox 202 3305 232 3350; x_wconf 78' lang='lat' dir='ltr'>ro</span> <span class='ocrx_word' id='word_1_195' title='bbox 285 3294 334 3352; x_wconf 83' lang='lat' dir='ltr'>Tu</span> <span class='ocrx_word' id='word_1_196' title='bbox 354 3311 428 3352; x_wconf 90' lang='lat' dir='ltr'>vero</span> <span class='ocrx_word' id='word_1_197' title='bbox 455 3291 544 3366; x_wconf 85' lang='lat' dir='ltr'>felix,</span> <span class='ocrx_word' id='word_1_198' title='bbox 566 3291 722 3367; x_wconf 87' lang='lat' dir='ltr'>Agricola,</span> <span class='ocrx_word' id='word_1_199' title='bbox 747 3310 810 3350; x_wconf 89' lang='lat' dir='ltr'>non</span> <span class='ocrx_word' id='word_1_200' title='bbox 836 3291 922 3351; x_wconf 88' lang='lat' dir='ltr'>vitae</span> <span class='ocrx_word' id='word_1_201' title='bbox 946 3297 1070 3352; x_wconf 85' lang='lat' dir='ltr'>tantum</span> <span class='ocrx_word' id='word_1_202' title='bbox 1094 3292 1247 3368; x_wconf 87' lang='lat' dir='ltr'>claritate,</span> 
     </span>
     <span class='ocr_line' id='line_1_28' title="bbox 246 3386 1409 3482; baseline 0.001 -24"><span class='ocrx_word' id='word_1_203' title='bbox 246 3399 301 3458; x_wconf 90' lang='lat' dir='ltr'>sed</span> <span class='ocrx_word' id='word_1_204' title='bbox 317 3398 412 3458; x_wconf 88' lang='lat' dir='ltr'>etiam</span> <span class='ocrx_word' id='word_1_205' title='bbox 427 3398 662 3475; x_wconf 88' lang='lat' dir='ltr'>opportunitate</span> <span class='ocrx_word' id='word_1_206' title='bbox 677 3397 795 3457; x_wconf 87' lang='lat' dir='ltr'>mortis.</span> <span class='ocrx_word' id='word_1_207' title='bbox 840 3399 886 3458; x_wconf 93' lang='lat' dir='ltr'>Ut</span> <span class='ocrx_word' id='word_1_208' title='bbox 900 3397 1067 3482; x_wconf 63' lang='lat' dir='ltr'>perhibent</span> <span class='ocrx_word' id='word_1_209' title='bbox 1084 3398 1139 3475; x_wconf 92' lang='lat' dir='ltr'>qui</span> <span class='ocrx_word' id='word_1_210' title='bbox 1156 3386 1409 3459; x_wconf 61' lang='lat' dir='ltr'>inter-M</span> 
     </span>
     <span class='ocr_line' id='line_1_29' title="bbox 245 3495 1247 3577; baseline 0.001 -15"><span class='ocrx_word' id='word_1_211' title='bbox 245 3504 376 3564; x_wconf 87' lang='lat' dir='ltr'>fuerunt</span> <span class='ocrx_word' id='word_1_212' title='bbox 398 3503 577 3563; x_wconf 90' lang='lat' dir='ltr'>novissimis</span> <span class='ocrx_word' id='word_1_213' title='bbox 606 3503 800 3562; x_wconf 90' lang='lat' dir='ltr'>sermonibus</span> <span class='ocrx_word' id='word_1_214' title='bbox 824 3503 898 3577; x_wconf 91' lang='lat' dir='ltr'>tuis,</span> <span class='ocrx_word' id='word_1_215' title='bbox 921 3495 1067 3562; x_wconf 83' lang='lat' dir='ltr'>constans</span> <span class='ocrx_word' id='word_1_216' title='bbox 1092 3509 1124 3563; x_wconf 89' lang='lat' dir='ltr'>ct</span> <span class='ocrx_word' id='word_1_217' title='bbox 1146 3502 1247 3563; x_wconf 92' lang='lat' dir='ltr'>libens</span> 
     </span>
     <span class='ocr_line' id='line_1_30' title="bbox 67 3607 1248 3693; baseline -0.001 -24"><span class='ocrx_word' id='word_1_218' title='bbox 67 3647 70 3654; x_wconf 89' lang='lat'>·</span> <span class='ocrx_word' id='word_1_219' title='bbox 111 3620 155 3676; x_wconf 57' lang='lat' dir='ltr'>‚fs</span> <span class='ocrx_word' id='word_1_220' title='bbox 244 3609 347 3669; x_wconf 88' lang='lat' dir='ltr'>fatum</span> <span class='ocrx_word' id='word_1_221' title='bbox 375 3608 536 3693; x_wconf 68' lang='lat' dir='ltr'>excepisti,</span> <span class='ocrx_word' id='word_1_222' title='bbox 558 3613 718 3686; x_wconf 89' lang='lat' dir='ltr'>tamquam</span> <span class='ocrx_word' id='word_1_223' title='bbox 745 3627 802 3685; x_wconf 91' lang='lat' dir='ltr'>pro</span> <span class='ocrx_word' id='word_1_224' title='bbox 822 3607 909 3666; x_wconf 83' lang='lat' dir='ltr'>virili</span> <span class='ocrx_word' id='word_1_225' title='bbox 937 3608 1081 3686; x_wconf 89' lang='lat' dir='ltr'>portione</span> <span class='ocrx_word' id='word_1_226' title='bbox 1105 3607 1248 3668; x_wconf 89' lang='lat' dir='ltr'>innocen-</span> 
     </span>
     <span class='ocr_line' id='line_1_31' title="bbox 245 3712 1249 3793; baseline 0 -19"><span class='ocrx_word' id='word_1_227' title='bbox 245 3715 323 3775; x_wconf 89' lang='lat' dir='ltr'>tiam</span> <span class='ocrx_word' id='word_1_228' title='bbox 343 3714 480 3792; x_wconf 91' lang='lat' dir='ltr'>principi</span> <span class='ocrx_word' id='word_1_229' title='bbox 501 3715 641 3773; x_wconf 86' lang='lat' dir='ltr'>donares</span> <span class='ocrx_word' id='word_1_230' title='bbox 698 3712 760 3772; x_wconf 82' lang='lat' dir='ltr'>Sed</span> <span class='ocrx_word' id='word_1_231' title='bbox 787 3713 866 3772; x_wconf 91' lang='lat' dir='ltr'>mihi</span> <span class='ocrx_word' id='word_1_232' title='bbox 896 3712 1042 3791; x_wconf 88' lang='lat' dir='ltr'>filiaeque</span> <span class='ocrx_word' id='word_1_233' title='bbox 1069 3715 1136 3776; x_wconf 89' lang='lat' dir='ltr'>eius</span> <span class='ocrx_word' id='word_1_234' title='bbox 1164 3735 1249 3793; x_wconf 85' lang='lat' dir='ltr'>prae-</span> 
     </span>
     <span class='ocr_line' id='line_1_32' title="bbox 202 3818 1248 3900; baseline 0.001 -20"><span class='ocrx_word' id='word_1_235' title='bbox 202 3833 233 3880; x_wconf 76' lang='lat' dir='ltr'>eo</span> <span class='ocrx_word' id='word_1_236' title='bbox 245 3825 294 3880; x_wconf 90' lang='lat' dir='ltr'>ter</span> <span class='ocrx_word' id='word_1_237' title='bbox 315 3819 516 3880; x_wconf 88' lang='lat' dir='ltr'>acerbitatem</span> <span class='ocrx_word' id='word_1_238' title='bbox 538 3818 679 3898; x_wconf 86' lang='lat' dir='ltr'>parentis</span> <span class='ocrx_word' id='word_1_239' title='bbox 700 3818 803 3897; x_wconf 89' lang='lat' dir='ltr'>erepti</span> <span class='ocrx_word' id='word_1_240' title='bbox 827 3824 920 3894; x_wconf 86' lang='lat' dir='ltr'>auget</span> <span class='ocrx_word' id='word_1_241' title='bbox 940 3819 1142 3896; x_wconf 86' lang='lat' dir='ltr'>maestitiam,</span> <span class='ocrx_word' id='word_1_242' title='bbox 1164 3821 1248 3900; x_wconf 91' lang='lat' dir='ltr'>quod</span> 
     </span>
    </p>
   </div>
   <div class='ocr_carea' id='block_1_5' title="bbox 0 0 1524 4300">
    <p class='ocr_par' dir='ltr' id='par_1_5' title="bbox 0 0 1524 4300">
     <span class='ocr_line' id='line_1_33' title="bbox 0 0 1524 4300; baseline 0 3"><span class='ocrx_word' id='word_1_243' title='bbox 0 0 1524 4300; x_wconf 95' lang='lat' dir='ltr'> </span> 
     </span>
    </p>
   </div>
  </div>
 </body>
</html>
