<?xml version="1.0" encoding="UTF-8"?>
<!DOCTYPE html PUBLIC "-//W3C//DTD XHTML 1.0 Transitional//EN"
    "http://www.w3.org/TR/xhtml1/DTD/xhtml1-transitional.dtd">
<html xmlns="http://www.w3.org/1999/xhtml" xml:lang="en" lang="en">
 <head>
  <title>
</title>
<meta http-equiv="Content-Type" content="text/html;charset=utf-8" />
  <meta name='ocr-system' content='tesseract 3.04.00' />
  <meta name='ocr-capabilities' content='ocr_page ocr_carea ocr_par ocr_line ocrx_word'/>
</head>
<body>
  <div class='ocr_page' id='page_1' title='image "./tacitusdevitaet02tacigoog_0047.png"; bbox 0 0 3038 4300; ppageno 0'>
   <div class='ocr_carea' id='block_1_1' title="bbox 261 364 1265 626">
    <p class='ocr_par' dir='ltr' id='par_1_1' title="bbox 261 364 1265 626">
     <span class='ocr_line' id='line_1_1' title="bbox 262 364 953 427; baseline -0.001 0"><span class='ocrx_word' id='word_1_1' title='bbox 262 364 283 427; x_wconf 82' lang='lat'><strong>2</strong></span> <span class='ocrx_word' id='word_1_2' title='bbox 576 375 606 424; x_wconf 83' lang='lat' dir='ltr'>r.</span> <span class='ocrx_word' id='word_1_3' title='bbox 632 373 806 426; x_wconf 80' lang='lat' dir='ltr'>conunru</span> <span class='ocrx_word' id='word_1_4' title='bbox 828 374 953 426; x_wconf 84' lang='lat' dir='ltr'>rAcrrr</span> 
     </span>
     <span class='ocr_line' id='line_1_2' title="bbox 524 469 700 532; baseline -0.023 1"><span class='ocrx_word' id='word_1_5' title='bbox 524 475 578 532; x_wconf 59' lang='lat' dir='ltr'>la»</span> <span class='ocrx_word' id='word_1_6' title='bbox 588 469 700 528; x_wconf 42' lang='lat' dir='ltr'>wele</span> 
     </span>
     <span class='ocr_line' id='line_1_3' title="bbox 261 546 1265 626; baseline 0.001 -18"><span class='ocrx_word' id='word_1_7' title='bbox 261 548 332 608; x_wconf 95' lang='lat' dir='ltr'>foro</span> <span class='ocrx_word' id='word_1_8' title='bbox 350 546 535 608; x_wconf 55' lang='lat' dir='ltr'>urerentur?</span> <span class='ocrx_word' id='word_1_9' title='bbox 567 547 694 608; x_wconf 79' lang='lat' dir='ltr'>Scilicet</span> <span class='ocrx_word' id='word_1_10' title='bbox 710 548 766 608; x_wconf 93' lang='lat' dir='ltr'>illo</span> <span class='ocrx_word' id='word_1_11' title='bbox 785 548 857 624; x_wconf 85' lang='lat' dir='ltr'>igne</span> <span class='ocrx_word' id='word_1_12' title='bbox 871 566 978 607; x_wconf 87' lang='lat' dir='ltr'>vocem</span> <span class='ocrx_word' id='word_1_13' title='bbox 999 549 1108 626; x_wconf 92' lang='lat' dir='ltr'>populi</span> <span class='ocrx_word' id='word_1_14' title='bbox 1129 550 1265 610; x_wconf 84' lang='lat' dir='ltr'>Romani</span> 
     </span>
    </p>
   </div>
   <div class='ocr_carea' id='block_1_2' title="bbox 209 653 1266 1471">
    <p class='ocr_par' dir='ltr' id='par_1_2' title="bbox 209 653 1266 1471">
     <span class='ocr_line' id='line_1_4' title="bbox 263 653 1265 729; baseline 0.001 -16"><span class='ocrx_word' id='word_1_15' title='bbox 263 658 296 713; x_wconf 90' lang='lat' dir='ltr'>et</span> <span class='ocrx_word' id='word_1_16' title='bbox 323 653 501 713; x_wconf 88' lang='lat' dir='ltr'>libertatem</span> <span class='ocrx_word' id='word_1_17' title='bbox 523 659 650 714; x_wconf 90' lang='lat' dir='ltr'>senatus</span> <span class='ocrx_word' id='word_1_18' title='bbox 675 659 707 713; x_wconf 94' lang='lat' dir='ltr'>et</span> <span class='ocrx_word' id='word_1_19' title='bbox 734 653 957 714; x_wconf 80' lang='lat' dir='ltr'><strong>conscientiam</strong></span> <span class='ocrx_word' id='word_1_20' title='bbox 986 654 1107 729; x_wconf 88' lang='lat' dir='ltr'>generis</span> <span class='ocrx_word' id='word_1_21' title='bbox 1135 655 1265 714; x_wconf 89' lang='lat' dir='ltr'>humani</span> 
     </span>
     <span class='ocr_line' id='line_1_5' title="bbox 264 757 1265 838; baseline 0.001 -19"><span class='ocrx_word' id='word_1_22' title='bbox 264 758 382 819; x_wconf 86' lang='lat' dir='ltr'>aboleri</span> <span class='ocrx_word' id='word_1_23' title='bbox 401 757 642 833; x_wconf 75' lang='lat' dir='ltr'>arbitrabantur,</span> <span class='ocrx_word' id='word_1_24' title='bbox 658 759 798 836; x_wconf 85' lang='lat' dir='ltr'>expulsis</span> <span class='ocrx_word' id='word_1_25' title='bbox 814 759 943 836; x_wconf 85' lang='lat' dir='ltr'>insuper</span> <span class='ocrx_word' id='word_1_26' title='bbox 958 759 1131 837; x_wconf 85' lang='lat' dir='ltr'>sapientiae</span> <span class='ocrx_word' id='word_1_27' title='bbox 1148 760 1265 838; x_wconf 85' lang='lat' dir='ltr'>profes-</span> 
     </span>
     <span class='ocr_line' id='line_1_6' title="bbox 265 863 1265 942; baseline 0 -18"><span class='ocrx_word' id='word_1_28' title='bbox 265 863 387 924; x_wconf 88' lang='lat' dir='ltr'>soribus</span> <span class='ocrx_word' id='word_1_29' title='bbox 405 868 500 941; x_wconf 87' lang='lat' dir='ltr'>atque</span> <span class='ocrx_word' id='word_1_30' title='bbox 521 864 606 923; x_wconf 88' lang='lat' dir='ltr'>omni</span> <span class='ocrx_word' id='word_1_31' title='bbox 626 864 708 923; x_wconf 91' lang='lat' dir='ltr'>bona</span> <span class='ocrx_word' id='word_1_32' title='bbox 730 869 797 924; x_wconf 90' lang='lat' dir='ltr'>arte</span> <span class='ocrx_word' id='word_1_33' title='bbox 818 863 1002 924; x_wconf 82' lang='lat' dir='ltr'>inexilium</span> <span class='ocrx_word' id='word_1_34' title='bbox 1027 870 1105 940; x_wconf 90' lang='lat' dir='ltr'>acta,</span> <span class='ocrx_word' id='word_1_35' title='bbox 1129 883 1168 924; x_wconf 88' lang='lat' dir='ltr'>ne</span> <span class='ocrx_word' id='word_1_36' title='bbox 1189 865 1265 942; x_wconf 89' lang='lat' dir='ltr'>quid</span> 
     </span>
     <span class='ocr_line' id='line_1_7' title="bbox 209 965 1265 1048; baseline 0.004 -22"><span class='ocrx_word' id='word_1_37' title='bbox 209 969 211 974; x_wconf 86' lang='lat'>&#39;</span> <span class='ocrx_word' id='word_1_38' title='bbox 237 980 396 1047; x_wconf 73' lang='lat' dir='ltr'>nusquam</span> <span class='ocrx_word' id='word_1_39' title='bbox 417 969 583 1029; x_wconf 88' lang='lat' dir='ltr'>honestum</span> <span class='ocrx_word' id='word_1_40' title='bbox 600 965 791 1029; x_wconf 84' lang='lat' dir='ltr'>occurreret·</span> <span class='ocrx_word' id='word_1_41' title='bbox 825 969 978 1030; x_wconf 89' lang='lat' dir='ltr'>Dedimus</span> <span class='ocrx_word' id='word_1_42' title='bbox 993 971 1133 1048; x_wconf 87' lang='lat' dir='ltr'>profecto</span> <span class='ocrx_word' id='word_1_43' title='bbox 1148 971 1265 1048; x_wconf 86' lang='lat' dir='ltr'>grande</span> 
     </span>
     <span class='ocr_line' id='line_1_8' title="bbox 265 1074 1266 1152; baseline 0.002 -20"><span class='ocrx_word' id='word_1_44' title='bbox 265 1074 436 1152; x_wconf 86' lang='lat' dir='ltr'>patientiae</span> <span class='ocrx_word' id='word_1_45' title='bbox 458 1074 696 1150; x_wconf 82' lang='lat' dir='ltr'>documentum3</span> <span class='ocrx_word' id='word_1_46' title='bbox 718 1079 750 1134; x_wconf 90' lang='lat' dir='ltr'>ct</span> <span class='ocrx_word' id='word_1_47' title='bbox 768 1074 850 1135; x_wconf 89' lang='lat' dir='ltr'>sicut</span> <span class='ocrx_word' id='word_1_48' title='bbox 866 1079 957 1134; x_wconf 86' lang='lat' dir='ltr'>vetus</span> <span class='ocrx_word' id='word_1_49' title='bbox 978 1080 1065 1136; x_wconf 88' lang='lat' dir='ltr'>aetas</span> <span class='ocrx_word' id='word_1_50' title='bbox 1079 1075 1170 1150; x_wconf 88' lang='lat' dir='ltr'>vidit,</span> <span class='ocrx_word' id='word_1_51' title='bbox 1189 1075 1266 1152; x_wconf 92' lang='lat' dir='ltr'>quid</span> 
     </span>
     <span class='ocr_line' id='line_1_9' title="bbox 265 1179 1264 1257; baseline 0.002 -20"><span class='ocrx_word' id='word_1_52' title='bbox 265 1179 410 1238; x_wconf 90' lang='lat' dir='ltr'>ultimum</span> <span class='ocrx_word' id='word_1_53' title='bbox 435 1179 470 1238; x_wconf 95' lang='lat' dir='ltr'>in</span> <span class='ocrx_word' id='word_1_54' title='bbox 493 1179 639 1239; x_wconf 90' lang='lat' dir='ltr'>libertate</span> <span class='ocrx_word' id='word_1_55' title='bbox 664 1185 755 1254; x_wconf 88' lang='lat' dir='ltr'>esset,</span> <span class='ocrx_word' id='word_1_56' title='bbox 778 1179 825 1240; x_wconf 88' lang='lat' dir='ltr'>ita</span> <span class='ocrx_word' id='word_1_57' title='bbox 847 1199 914 1256; x_wconf 88' lang='lat' dir='ltr'>nos,</span> <span class='ocrx_word' id='word_1_58' title='bbox 936 1179 1014 1257; x_wconf 89' lang='lat' dir='ltr'>quid</span> <span class='ocrx_word' id='word_1_59' title='bbox 1041 1181 1075 1239; x_wconf 92' lang='lat' dir='ltr'>in</span> <span class='ocrx_word' id='word_1_60' title='bbox 1103 1180 1264 1255; x_wconf 88' lang='lat' dir='ltr'>servitute,</span> 
     </span>
     <span class='ocr_line' id='line_1_10' title="bbox 285 1283 1266 1363; baseline 0.003 -21"><span class='ocrx_word' id='word_1_61' title='bbox 285 1283 411 1362; x_wconf 90' lang='lat' dir='ltr'>dempto</span> <span class='ocrx_word' id='word_1_62' title='bbox 432 1303 488 1362; x_wconf 89' lang='lat' dir='ltr'>per</span> <span class='ocrx_word' id='word_1_63' title='bbox 515 1283 736 1362; x_wconf 86' lang='lat' dir='ltr'>inquisitiones</span> <span class='ocrx_word' id='word_1_64' title='bbox 760 1284 856 1344; x_wconf 86' lang='lat' dir='ltr'>otiam</span> <span class='ocrx_word' id='word_1_65' title='bbox 883 1285 1033 1363; x_wconf 90' lang='lat' dir='ltr'>loquendi</span> <span class='ocrx_word' id='word_1_66' title='bbox 1057 1285 1266 1363; x_wconf 85' lang='lat' dir='ltr'>audiendique</span> 
     </span>
     <span class='ocr_line' id='line_1_11' title="bbox 259 1302 1266 1471; baseline 0.005 -25"><span class='ocrx_word' id='word_1_67' title='bbox 259 1302 445 1471; x_wconf 45' lang='lat' dir='ltr'>{pumercio</span> <span class='ocrx_word' id='word_1_68' title='bbox 497 1390 682 1449; x_wconf 88' lang='lat' dir='ltr'>Memoriam</span> <span class='ocrx_word' id='word_1_69' title='bbox 699 1409 822 1467; x_wconf 92' lang='lat' dir='ltr'>quoque</span> <span class='ocrx_word' id='word_1_70' title='bbox 833 1390 934 1468; x_wconf 90' lang='lat' dir='ltr'>ipsam</span> <span class='ocrx_word' id='word_1_71' title='bbox 945 1409 1015 1450; x_wconf 89' lang='lat' dir='ltr'>cum</span> <span class='ocrx_word' id='word_1_72' title='bbox 1026 1409 1101 1451; x_wconf 87' lang='lat' dir='ltr'>voce</span> <span class='ocrx_word' id='word_1_73' title='bbox 1116 1391 1266 1468; x_wconf 90' lang='lat' dir='ltr'>perdidis-</span> 
     </span>
    </p>
   </div>
   <div class='ocr_carea' id='block_1_3' title="bbox 224 1492 1349 1656">
    <p class='ocr_par' dir='ltr' id='par_1_3' title="bbox 224 1492 1349 1656">
     <span class='ocr_line' id='line_1_12' title="bbox 224 1492 1349 1574; baseline 0.006 -26"><span class='ocrx_word' id='word_1_74' title='bbox 224 1503 379 1566; x_wconf 77' lang='lat' dir='ltr'>issemus,</span> <span class='ocrx_word' id='word_1_75' title='bbox 405 1492 433 1552; x_wconf 94' lang='lat' dir='ltr'>si</span> <span class='ocrx_word' id='word_1_76' title='bbox 453 1497 518 1552; x_wconf 90' lang='lat' dir='ltr'>tam</span> <span class='ocrx_word' id='word_1_77' title='bbox 543 1493 576 1552; x_wconf 93' lang='lat' dir='ltr'>in</span> <span class='ocrx_word' id='word_1_78' title='bbox 600 1500 707 1554; x_wconf 90' lang='lat' dir='ltr'>nostra</span> <span class='ocrx_word' id='word_1_79' title='bbox 726 1500 882 1572; x_wconf 90' lang='lat' dir='ltr'>potestate</span> <span class='ocrx_word' id='word_1_80' title='bbox 903 1501 986 1556; x_wconf 91' lang='lat' dir='ltr'>esset</span> <span class='ocrx_word' id='word_1_81' title='bbox 1007 1495 1151 1556; x_wconf 89' lang='lat' dir='ltr'>oblivisci</span> <span class='ocrx_word' id='word_1_82' title='bbox 1172 1515 1265 1574; x_wconf 88' lang='lat' dir='ltr'>quam</span> <span class='ocrx_word' id='word_1_83' title='bbox 1347 1496 1349 1502; x_wconf 86' lang='grc'><strong>’</strong></span> 
     </span>
     <span class='ocr_line' id='line_1_13' title="bbox 265 1603 376 1656; baseline -0.018 0"><span class='ocrx_word' id='word_1_84' title='bbox 265 1603 376 1656; x_wconf 89' lang='lat' dir='ltr'>tacere.</span> 
     </span>
    </p>
   </div>
   <div class='ocr_carea' id='block_1_4' title="bbox 224 1701 1267 2102">
    <p class='ocr_par' dir='ltr' id='par_1_4' title="bbox 266 1701 1267 1994">
     <span class='ocr_line' id='line_1_14' title="bbox 305 1701 1266 1786; baseline 0.003 -24"><span class='ocrx_word' id='word_1_85' title='bbox 305 1701 335 1762; x_wconf 77' lang='grc'>3.</span> <span class='ocrx_word' id='word_1_86' title='bbox 356 1703 449 1782; x_wconf 58' lang='lat' dir='ltr'>illunc</span> <span class='ocrx_word' id='word_1_87' title='bbox 476 1703 602 1763; x_wconf 91' lang='lat' dir='ltr'>demum</span> <span class='ocrx_word' id='word_1_88' title='bbox 629 1705 712 1765; x_wconf 91' lang='lat' dir='ltr'>redit</span> <span class='ocrx_word' id='word_1_89' title='bbox 739 1706 863 1767; x_wconf 91' lang='lat' dir='ltr'>animus</span> <span class='ocrx_word' id='word_1_90' title='bbox 891 1711 923 1766; x_wconf 88' lang='lat' dir='ltr'>et</span> <span class='ocrx_word' id='word_1_91' title='bbox 951 1726 1140 1786; x_wconf 91' lang='lat' dir='ltr'>quamquam</span> <span class='ocrx_word' id='word_1_92' title='bbox 1165 1707 1266 1785; x_wconf 91' lang='lat' dir='ltr'>primo</span> 
     </span>
     <span class='ocr_line' id='line_1_15' title="bbox 266 1807 1264 1874; baseline 0.004 -8"><span class='ocrx_word' id='word_1_93' title='bbox 266 1807 374 1866; x_wconf 88' lang='lat' dir='ltr'>statim</span> <span class='ocrx_word' id='word_1_94' title='bbox 402 1807 576 1868; x_wconf 87' lang='lat' dir='ltr'>beatissimi</span> <span class='ocrx_word' id='word_1_95' title='bbox 605 1811 722 1869; x_wconf 91' lang='lat' dir='ltr'>saeculi</span> <span class='ocrx_word' id='word_1_96' title='bbox 747 1817 818 1870; x_wconf 91' lang='lat' dir='ltr'>ortu</span> <span class='ocrx_word' id='word_1_97' title='bbox 844 1812 952 1872; x_wconf 87' lang='lat' dir='ltr'>Nerva</span> <span class='ocrx_word' id='word_1_98' title='bbox 977 1814 1091 1874; x_wconf 83' lang='lat' dir='ltr'>Caesar</span> <span class='ocrx_word' id='word_1_99' title='bbox 1115 1831 1165 1872; x_wconf 88' lang='lat' dir='ltr'>res</span> <span class='ocrx_word' id='word_1_100' title='bbox 1190 1812 1264 1872; x_wconf 93' lang='lat' dir='ltr'>olim</span> 
     </span>
     <span class='ocr_line' id='line_1_16' title="bbox 266 1911 1267 1994; baseline 0.005 -23"><span class='ocrx_word' id='word_1_101' title='bbox 266 1911 474 1972; x_wconf 81' lang='lat' dir='ltr'>dissociabilis</span> <span class='ocrx_word' id='word_1_102' title='bbox 500 1913 669 1990; x_wconf 88' lang='lat' dir='ltr'>miscuerit,</span> <span class='ocrx_word' id='word_1_103' title='bbox 684 1915 895 1993; x_wconf 88' lang='lat' dir='ltr'>principatum</span> <span class='ocrx_word' id='word_1_104' title='bbox 913 1936 948 1976; x_wconf 86' lang='lat' dir='ltr'>ac</span> <span class='ocrx_word' id='word_1_105' title='bbox 967 1917 1155 1992; x_wconf 89' lang='lat' dir='ltr'>libertatem,</span> <span class='ocrx_word' id='word_1_106' title='bbox 1177 1936 1267 1994; x_wconf 86' lang='lat' dir='ltr'>auge·</span> 
     </span>
    </p>

    <p class='ocr_par' dir='ltr' id='par_1_5' title="bbox 224 2017 1266 2102">
     <span class='ocr_line' id='line_1_17' title="bbox 224 2017 1266 2102; baseline 0.006 -26"><span class='ocrx_word' id='word_1_107' title='bbox 224 2031 251 2076; x_wconf 88' lang='lat'>15</span> <span class='ocrx_word' id='word_1_108' title='bbox 265 2021 360 2095; x_wconf 90' lang='lat' dir='ltr'>atque</span> <span class='ocrx_word' id='word_1_109' title='bbox 379 2017 492 2102; x_wconf 87' lang='lat' dir='ltr'>cotidie</span> <span class='ocrx_word' id='word_1_110' title='bbox 508 2018 694 2079; x_wconf 84' lang='lat' dir='ltr'>felicitatem</span> <span class='ocrx_word' id='word_1_111' title='bbox 712 2026 887 2098; x_wconf 90' lang='lat' dir='ltr'>temporum</span> <span class='ocrx_word' id='word_1_112' title='bbox 909 2022 1016 2082; x_wconf 87' lang='lat' dir='ltr'>Nerva</span> <span class='ocrx_word' id='word_1_113' title='bbox 1032 2022 1193 2097; x_wconf 82' lang='lat' dir='ltr'>Traianus,</span> <span class='ocrx_word' id='word_1_114' title='bbox 1209 2041 1266 2082; x_wconf 91' lang='lat' dir='ltr'>nec</span> 
     </span>
    </p>
   </div>
   <div class='ocr_carea' id='block_1_5' title="bbox 11 2123 1383 3788">
    <p class='ocr_par' dir='ltr' id='par_1_6' title="bbox 266 2123 1266 2204">
     <span class='ocr_line' id='line_1_18' title="bbox 266 2123 1266 2204; baseline 0.005 -21"><span class='ocrx_word' id='word_1_115' title='bbox 266 2141 352 2200; x_wconf 90' lang='lat' dir='ltr'>spem</span> <span class='ocrx_word' id='word_1_116' title='bbox 374 2123 465 2183; x_wconf 92' lang='lat' dir='ltr'>modo</span> <span class='ocrx_word' id='word_1_117' title='bbox 486 2143 521 2184; x_wconf 92' lang='lat' dir='ltr'>ac</span> <span class='ocrx_word' id='word_1_118' title='bbox 541 2130 650 2184; x_wconf 90' lang='lat' dir='ltr'>votum</span> <span class='ocrx_word' id='word_1_119' title='bbox 669 2125 826 2186; x_wconf 81' lang='lat' dir='ltr'>Securitas</span> <span class='ocrx_word' id='word_1_120' title='bbox 848 2126 987 2202; x_wconf 86' lang='lat' dir='ltr'>Publica,</span> <span class='ocrx_word' id='word_1_121' title='bbox 1006 2127 1061 2187; x_wconf 88' lang='lat' dir='ltr'>sed</span> <span class='ocrx_word' id='word_1_122' title='bbox 1082 2127 1182 2204; x_wconf 89' lang='lat' dir='ltr'>ipsius</span> <span class='ocrx_word' id='word_1_123' title='bbox 1199 2129 1266 2188; x_wconf 86' lang='lat' dir='ltr'>voti</span> 
     </span>
    </p>

    <p class='ocr_par' dir='ltr' id='par_1_7' title="bbox 163 2229 1265 2309">
     <span class='ocr_line' id='line_1_19' title="bbox 163 2229 1265 2309; baseline 0.005 -21"><span class='ocrx_word' id='word_1_124' title='bbox 163 2231 197 2306; x_wconf 54' lang='lat' dir='ltr'>fs</span> <span class='ocrx_word' id='word_1_125' title='bbox 265 2229 411 2290; x_wconf 87' lang='lat' dir='ltr'>fiduciam</span> <span class='ocrx_word' id='word_1_126' title='bbox 428 2249 464 2290; x_wconf 93' lang='lat' dir='ltr'>ac</span> <span class='ocrx_word' id='word_1_127' title='bbox 481 2231 575 2291; x_wconf 90' lang='lat' dir='ltr'>robur</span> <span class='ocrx_word' id='word_1_128' title='bbox 589 2231 809 2309; x_wconf 84' lang='lat' dir='ltr'>adsumpserit,</span> <span class='ocrx_word' id='word_1_129' title='bbox 824 2237 938 2292; x_wconf 87' lang='lat' dir='ltr'>natura</span> <span class='ocrx_word' id='word_1_130' title='bbox 951 2238 1058 2292; x_wconf 90' lang='lat' dir='ltr'>tamen</span> <span class='ocrx_word' id='word_1_131' title='bbox 1071 2231 1265 2294; x_wconf 88' lang='lat' dir='ltr'>infirmitatis</span> 
     </span>
    </p>

    <p class='ocr_par' dir='ltr' id='par_1_8' title="bbox 264 2313 1266 2415">
     <span class='ocr_line' id='line_1_20' title="bbox 264 2313 1266 2415; baseline 0.003 -22"><span class='ocrx_word' id='word_1_132' title='bbox 264 2313 419 2395; x_wconf 60' lang='lat' dir='ltr'>humanae</span> <span class='ocrx_word' id='word_1_133' title='bbox 434 2321 581 2396; x_wconf 51' lang='lat' dir='ltr'>&#39;tardiora</span> <span class='ocrx_word' id='word_1_134' title='bbox 604 2341 678 2396; x_wconf 93' lang='lat' dir='ltr'>sunt</span> <span class='ocrx_word' id='word_1_135' title='bbox 700 2321 838 2396; x_wconf 81' lang='lat' dir='ltr'>remedia</span> <span class='ocrx_word' id='word_1_136' title='bbox 853 2357 947 2415; x_wconf 86' lang='lat' dir='ltr'>quarn</span> <span class='ocrx_word' id='word_1_137' title='bbox 969 2337 1067 2413; x_wconf 80' lang='lat' dir='ltr'>mala3</span> <span class='ocrx_word' id='word_1_138' title='bbox 1091 2343 1123 2397; x_wconf 89' lang='lat' dir='ltr'>et</span> <span class='ocrx_word' id='word_1_139' title='bbox 1144 2343 1180 2397; x_wconf 90' lang='lat' dir='ltr'>ut</span> <span class='ocrx_word' id='word_1_140' title='bbox 1203 2356 1266 2398; x_wconf 92' lang='lat' dir='ltr'>cor-</span> 
     </span>
    </p>

    <p class='ocr_par' dir='ltr' id='par_1_9' title="bbox 11 2441 1383 2645">
     <span class='ocr_line' id='line_1_21' title="bbox 11 2441 1267 2520; baseline 0.003 -22"><span class='ocrx_word' id='word_1_141' title='bbox 11 2515 13 2520; x_wconf 24' lang='lat'>·</span> <span class='ocrx_word' id='word_1_142' title='bbox 264 2458 341 2517; x_wconf 88' lang='lat' dir='ltr'>pora</span> <span class='ocrx_word' id='word_1_143' title='bbox 354 2447 461 2502; x_wconf 92' lang='lat' dir='ltr'>nostra</span> <span class='ocrx_word' id='word_1_144' title='bbox 472 2441 556 2501; x_wconf 90' lang='lat' dir='ltr'>lente</span> <span class='ocrx_word' id='word_1_145' title='bbox 567 2448 747 2518; x_wconf 87' lang='lat' dir='ltr'>augescunt,</span> <span class='ocrx_word' id='word_1_146' title='bbox 759 2443 822 2502; x_wconf 90' lang='lat' dir='ltr'>cito</span> <span class='ocrx_word' id='word_1_147' title='bbox 836 2443 1072 2519; x_wconf 85' lang='lat' dir='ltr'>extinguuntur,</span> <span class='ocrx_word' id='word_1_148' title='bbox 1086 2443 1129 2502; x_wconf 91' lang='lat' dir='ltr'>sic</span> <span class='ocrx_word' id='word_1_149' title='bbox 1140 2443 1267 2520; x_wconf 84' lang='lat' dir='ltr'>ingenia</span> 
     </span>
     <span class='ocr_line' id='line_1_22' title="bbox 11 2514 1383 2645; baseline -0.001 -37"><span class='ocrx_word' id='word_1_150' title='bbox 11 2527 14 2542; x_wconf 59' lang='grc'>’</span> <span class='ocrx_word' id='word_1_151' title='bbox 41 2514 197 2604; x_wconf 57' lang='lat' dir='ltr'>,th</span> <span class='ocrx_word' id='word_1_152' title='bbox 221 2564 252 2610; x_wconf 81' lang='lat'>20</span> <span class='ocrx_word' id='word_1_153' title='bbox 265 2546 431 2627; x_wconf 64' lang='lat' dir='ltr'>stuQue</span> <span class='ocrx_word' id='word_1_154' title='bbox 453 2547 646 2625; x_wconf 90' lang='lat' dir='ltr'>oppresseris</span> <span class='ocrx_word' id='word_1_155' title='bbox 669 2547 797 2608; x_wconf 87' lang='lat' dir='ltr'>facilius</span> <span class='ocrx_word' id='word_1_156' title='bbox 822 2567 917 2626; x_wconf 88' lang='lat' dir='ltr'>quam</span> <span class='ocrx_word' id='word_1_157' title='bbox 941 2549 1151 2609; x_wconf 82' lang='lat' dir='ltr'>revocaveris:</span> <span class='ocrx_word' id='word_1_158' title='bbox 1181 2547 1266 2608; x_wconf 92' lang='lat' dir='ltr'>subit</span> <span class='ocrx_word' id='word_1_159' title='bbox 1275 2539 1383 2645; x_wconf 48' lang='lat' dir='ltr'>effic</span> 
     </span>
    </p>

    <p class='ocr_par' dir='ltr' id='par_1_10' title="bbox 264 2650 1265 2731">
     <span class='ocr_line' id='line_1_23' title="bbox 264 2650 1265 2731; baseline 0.002 -22"><span class='ocrx_word' id='word_1_160' title='bbox 264 2650 381 2729; x_wconf 89' lang='lat' dir='ltr'>quippe</span> <span class='ocrx_word' id='word_1_161' title='bbox 409 2652 506 2712; x_wconf 92' lang='lat' dir='ltr'>etiam</span> <span class='ocrx_word' id='word_1_162' title='bbox 533 2652 634 2730; x_wconf 90' lang='lat' dir='ltr'>ipsius</span> <span class='ocrx_word' id='word_1_163' title='bbox 662 2652 794 2712; x_wconf 87' lang='lat' dir='ltr'>inertiae</span> <span class='ocrx_word' id='word_1_164' title='bbox 822 2654 953 2713; x_wconf 90' lang='lat' dir='ltr'>dulcedo</span> <span class='ocrx_word' id='word_1_165' title='bbox 978 2660 1010 2713; x_wconf 87' lang='lat' dir='ltr'>et</span> <span class='ocrx_word' id='word_1_166' title='bbox 1033 2653 1137 2714; x_wconf 85' lang='lat' dir='ltr'>invisa</span> <span class='ocrx_word' id='word_1_167' title='bbox 1164 2653 1265 2731; x_wconf 91' lang='lat' dir='ltr'>primo</span> 
     </span>
    </p>

    <p class='ocr_par' dir='ltr' id='par_1_11' title="bbox 64 2756 1266 2844">
     <span class='ocr_line' id='line_1_24' title="bbox 64 2756 1266 2844; baseline 0.002 -30"><span class='ocrx_word' id='word_1_168' title='bbox 64 2765 202 2844; x_wconf 50' lang='lat' dir='ltr'>sm</span> <span class='ocrx_word' id='word_1_169' title='bbox 264 2756 387 2834; x_wconf 59' lang='lat' dir='ltr'>deQia</span> <span class='ocrx_word' id='word_1_170' title='bbox 406 2762 564 2834; x_wconf 90' lang='lat' dir='ltr'>postremo</span> <span class='ocrx_word' id='word_1_171' title='bbox 581 2763 712 2818; x_wconf 90' lang='lat' dir='ltr'>amatur.</span> <span class='ocrx_word' id='word_1_172' title='bbox 756 2759 861 2829; x_wconf 82' lang='lat' dir='ltr'>Quid?</span> <span class='ocrx_word' id='word_1_173' title='bbox 892 2759 919 2818; x_wconf 93' lang='lat' dir='ltr'>si</span> <span class='ocrx_word' id='word_1_174' title='bbox 938 2777 994 2836; x_wconf 86' lang='lat' dir='ltr'>por</span> <span class='ocrx_word' id='word_1_175' title='bbox 1013 2757 1192 2836; x_wconf 88' lang='lat' dir='ltr'>quindecim</span> <span class='ocrx_word' id='word_1_176' title='bbox 1215 2777 1266 2816; x_wconf 90' lang='lat' dir='ltr'>an-</span> 
     </span>
    </p>

    <p class='ocr_par' dir='ltr' id='par_1_12' title="bbox 263 2862 1264 2944">
     <span class='ocr_line' id='line_1_25' title="bbox 263 2862 1264 2944; baseline 0.003 -25"><span class='ocrx_word' id='word_1_177' title='bbox 263 2880 329 2936; x_wconf 91' lang='lat' dir='ltr'>nos,</span> <span class='ocrx_word' id='word_1_178' title='bbox 342 2863 458 2937; x_wconf 83' lang='lat' dir='ltr'>grande</span> <span class='ocrx_word' id='word_1_179' title='bbox 472 2862 613 2923; x_wconf 86' lang='lat' dir='ltr'>mortalis</span> <span class='ocrx_word' id='word_1_180' title='bbox 625 2863 695 2922; x_wconf 85' lang='lat' dir='ltr'>aevi</span> <span class='ocrx_word' id='word_1_181' title='bbox 710 2863 857 2944; x_wconf 83' lang='lat' dir='ltr'>spatium,</span> <span class='ocrx_word' id='word_1_182' title='bbox 869 2863 961 2922; x_wconf 91' lang='lat' dir='ltr'>multi</span> <span class='ocrx_word' id='word_1_183' title='bbox 976 2863 1118 2924; x_wconf 84' lang='lat' dir='ltr'>fortuitis</span> <span class='ocrx_word' id='word_1_184' title='bbox 1132 2862 1264 2938; x_wconf 69' lang='lat' dir='ltr'>casibus</span> 
     </span>
    </p>

    <p class='ocr_par' dir='ltr' id='par_1_13' title="bbox 263 2967 1264 3046">
     <span class='ocr_line' id='line_1_26' title="bbox 263 2967 1264 3046; baseline 0.002 -22"><span class='ocrx_word' id='word_1_185' title='bbox 263 2967 517 3044; x_wconf 87' lang='lat' dir='ltr'>promptissimus</span> <span class='ocrx_word' id='word_1_186' title='bbox 542 2967 674 3045; x_wconf 91' lang='lat' dir='ltr'>quisque</span> <span class='ocrx_word' id='word_1_187' title='bbox 696 2968 829 3028; x_wconf 89' lang='lat' dir='ltr'>saevitia</span> <span class='ocrx_word' id='word_1_188' title='bbox 849 2968 1001 3046; x_wconf 91' lang='lat' dir='ltr'>principis</span> <span class='ocrx_word' id='word_1_189' title='bbox 1030 2967 1264 3042; x_wconf 87' lang='lat' dir='ltr'>interciderunt,</span> 
     </span>
    </p>

    <p class='ocr_par' dir='ltr' id='par_1_14' title="bbox 221 3072 1265 3149">
     <span class='ocr_line' id='line_1_27' title="bbox 221 3072 1265 3149; baseline -0.006 -13"><span class='ocrx_word' id='word_1_190' title='bbox 221 3091 249 3136; x_wconf 89' lang='lat'>25</span> <span class='ocrx_word' id='word_1_191' title='bbox 263 3072 363 3149; x_wconf 90' lang='lat' dir='ltr'>pauci,</span> <span class='ocrx_word' id='word_1_192' title='bbox 377 3077 414 3131; x_wconf 94' lang='lat' dir='ltr'>ut</span> <span class='ocrx_word' id='word_1_193' title='bbox 428 3072 474 3132; x_wconf 87' lang='lat' dir='ltr'>ita</span> <span class='ocrx_word' id='word_1_194' title='bbox 488 3072 630 3147; x_wconf 88' lang='lat' dir='ltr'>dixerim,</span> <span class='ocrx_word' id='word_1_195' title='bbox 645 3091 708 3132; x_wconf 91' lang='lat' dir='ltr'>non</span> <span class='ocrx_word' id='word_1_196' title='bbox 724 3073 816 3132; x_wconf 91' lang='lat' dir='ltr'>modo</span> <span class='ocrx_word' id='word_1_197' title='bbox 838 3073 970 3132; x_wconf 89' lang='lat' dir='ltr'>aliorum</span> <span class='ocrx_word' id='word_1_198' title='bbox 986 3073 1040 3133; x_wconf 86' lang='lat' dir='ltr'>sed</span> <span class='ocrx_word' id='word_1_199' title='bbox 1055 3073 1151 3132; x_wconf 87' lang='lat' dir='ltr'>etiam</span> <span class='ocrx_word' id='word_1_200' title='bbox 1165 3072 1265 3131; x_wconf 91' lang='lat' dir='ltr'>nostri</span> 
     </span>
    </p>

    <p class='ocr_par' dir='ltr' id='par_1_15' title="bbox 263 3176 1266 3256">
     <span class='ocr_line' id='line_1_28' title="bbox 263 3176 1266 3256; baseline -0.002 -20"><span class='ocrx_word' id='word_1_201' title='bbox 263 3176 448 3253; x_wconf 86' lang='lat' dir='ltr'>superstites</span> <span class='ocrx_word' id='word_1_202' title='bbox 470 3196 586 3252; x_wconf 88' lang='lat' dir='ltr'>sumus,</span> <span class='ocrx_word' id='word_1_203' title='bbox 607 3177 762 3256; x_wconf 84' lang='lat' dir='ltr'>exemptis</span> <span class='ocrx_word' id='word_1_204' title='bbox 784 3197 801 3236; x_wconf 92' lang='lat' dir='ltr'>e</span> <span class='ocrx_word' id='word_1_205' title='bbox 821 3178 926 3237; x_wconf 89' lang='lat' dir='ltr'>media</span> <span class='ocrx_word' id='word_1_206' title='bbox 939 3177 1006 3236; x_wconf 89' lang='lat' dir='ltr'>vita</span> <span class='ocrx_word' id='word_1_207' title='bbox 1022 3183 1070 3237; x_wconf 93' lang='lat' dir='ltr'>tot</span> <span class='ocrx_word' id='word_1_208' title='bbox 1085 3176 1184 3250; x_wconf 92' lang='lat' dir='ltr'>annis,</span> <span class='ocrx_word' id='word_1_209' title='bbox 1200 3176 1266 3254; x_wconf 92' lang='lat' dir='ltr'>qui-</span> 
     </span>
    </p>

    <p class='ocr_par' dir='ltr' id='par_1_16' title="bbox 263 3281 1264 3360">
     <span class='ocr_line' id='line_1_29' title="bbox 263 3281 1264 3360; baseline 0.001 -20"><span class='ocrx_word' id='word_1_210' title='bbox 263 3281 320 3341; x_wconf 94' lang='lat' dir='ltr'>bus</span> <span class='ocrx_word' id='word_1_211' title='bbox 339 3281 468 3341; x_wconf 86' lang='lat' dir='ltr'>iuvenes</span> <span class='ocrx_word' id='word_1_212' title='bbox 488 3283 529 3342; x_wconf 91' lang='lat' dir='ltr'>ad</span> <span class='ocrx_word' id='word_1_213' title='bbox 549 3288 750 3357; x_wconf 90' lang='lat' dir='ltr'>senectutem,</span> <span class='ocrx_word' id='word_1_214' title='bbox 766 3301 855 3344; x_wconf 90' lang='lat' dir='ltr'>senes</span> <span class='ocrx_word' id='word_1_215' title='bbox 869 3301 967 3360; x_wconf 90' lang='lat' dir='ltr'>prope</span> <span class='ocrx_word' id='word_1_216' title='bbox 982 3283 1022 3342; x_wconf 86' lang='lat' dir='ltr'>ad</span> <span class='ocrx_word' id='word_1_217' title='bbox 1036 3282 1121 3360; x_wconf 89' lang='lat' dir='ltr'>ipsos</span> <span class='ocrx_word' id='word_1_218' title='bbox 1137 3287 1264 3341; x_wconf 85' lang='lat' dir='ltr'>exactae</span> 
     </span>
    </p>

    <p class='ocr_par' dir='ltr' id='par_1_17' title="bbox 263 3385 1265 3465">
     <span class='ocr_line' id='line_1_30' title="bbox 263 3385 1265 3465; baseline 0.001 -21"><span class='ocrx_word' id='word_1_219' title='bbox 263 3385 376 3446; x_wconf 91' lang='lat' dir='ltr'>aetatis</span> <span class='ocrx_word' id='word_1_220' title='bbox 404 3387 554 3448; x_wconf 90' lang='lat' dir='ltr'>terminos</span> <span class='ocrx_word' id='word_1_221' title='bbox 582 3405 638 3465; x_wconf 91' lang='lat' dir='ltr'>per</span> <span class='ocrx_word' id='word_1_222' title='bbox 666 3388 826 3448; x_wconf 92' lang='lat' dir='ltr'>silentium</span> <span class='ocrx_word' id='word_1_223' title='bbox 855 3388 1016 3448; x_wconf 79' lang='lat' dir='ltr'>venimus!</span> <span class='ocrx_word' id='word_1_224' title='bbox 1057 3389 1132 3447; x_wconf 88' lang='lat' dir='ltr'>Non</span> <span class='ocrx_word' id='word_1_225' title='bbox 1159 3391 1265 3446; x_wconf 91' lang='lat' dir='ltr'>tamen</span> 
     </span>
    </p>

    <p class='ocr_par' dir='ltr' id='par_1_18' title="bbox 40 3490 1265 3606">
     <span class='ocr_line' id='line_1_31' title="bbox 40 3490 1265 3606; baseline 0.001 -58"><span class='ocrx_word' id='word_1_226' title='bbox 40 3505 185 3606; x_wconf 35' lang='grc' dir='ltr'>,ἠώς</span> <span class='ocrx_word' id='word_1_227' title='bbox 262 3490 382 3574; x_wconf 65' lang='lat' dir='ltr'>pigebit</span> <span class='ocrx_word' id='word_1_228' title='bbox 394 3492 445 3552; x_wconf 87' lang='lat' dir='ltr'>vel</span> <span class='ocrx_word' id='word_1_229' title='bbox 460 3492 621 3552; x_wconf 88' lang='lat' dir='ltr'>incondita</span> <span class='ocrx_word' id='word_1_230' title='bbox 631 3511 666 3553; x_wconf 88' lang='lat' dir='ltr'>ac</span> <span class='ocrx_word' id='word_1_231' title='bbox 678 3494 749 3553; x_wconf 91' lang='lat' dir='ltr'>rudi</span> <span class='ocrx_word' id='word_1_232' title='bbox 762 3511 835 3553; x_wconf 90' lang='lat' dir='ltr'>voce</span> <span class='ocrx_word' id='word_1_233' title='bbox 846 3493 1027 3553; x_wconf 88' lang='lat' dir='ltr'>memoriam</span> <span class='ocrx_word' id='word_1_234' title='bbox 1042 3492 1156 3570; x_wconf 90' lang='lat' dir='ltr'>prioris</span> <span class='ocrx_word' id='word_1_235' title='bbox 1172 3491 1265 3552; x_wconf 87' lang='lat' dir='ltr'>servi-</span> 
     </span>
    </p>

    <p class='ocr_par' dir='ltr' id='par_1_19' title="bbox 219 3596 1261 3676">
     <span class='ocr_line' id='line_1_32' title="bbox 219 3596 1261 3676; baseline -0.003 -19"><span class='ocrx_word' id='word_1_236' title='bbox 219 3611 249 3657; x_wconf 83' lang='grc' dir='ltr'>3ο</span> <span class='ocrx_word' id='word_1_237' title='bbox 261 3596 341 3657; x_wconf 91' lang='lat' dir='ltr'>tutis</span> <span class='ocrx_word' id='word_1_238' title='bbox 361 3615 396 3656; x_wconf 88' lang='lat' dir='ltr'>ac</span> <span class='ocrx_word' id='word_1_239' title='bbox 415 3597 631 3658; x_wconf 87' lang='lat' dir='ltr'>testimonium</span> <span class='ocrx_word' id='word_1_240' title='bbox 646 3599 859 3676; x_wconf 90' lang='lat' dir='ltr'>praesentium</span> <span class='ocrx_word' id='word_1_241' title='bbox 878 3599 1028 3659; x_wconf 90' lang='lat' dir='ltr'>bonorum</span> <span class='ocrx_word' id='word_1_242' title='bbox 1043 3596 1261 3675; x_wconf 90' lang='lat' dir='ltr'>composuisse.</span> 
     </span>
    </p>

    <p class='ocr_par' dir='ltr' id='par_1_20' title="bbox 261 3701 1262 3788">
     <span class='ocr_line' id='line_1_33' title="bbox 261 3701 1262 3788; baseline 0.002 -28"><span class='ocrx_word' id='word_1_243' title='bbox 261 3701 325 3761; x_wconf 90' lang='lat' dir='ltr'>Hic</span> <span class='ocrx_word' id='word_1_244' title='bbox 339 3702 466 3762; x_wconf 89' lang='lat' dir='ltr'>interim</span> <span class='ocrx_word' id='word_1_245' title='bbox 482 3703 562 3763; x_wconf 88' lang='lat' dir='ltr'>liber</span> <span class='ocrx_word' id='word_1_246' title='bbox 575 3703 686 3763; x_wconf 91' lang='lat' dir='ltr'>honori</span> <span class='ocrx_word' id='word_1_247' title='bbox 701 3703 865 3779; x_wconf 82' lang='lat' dir='ltr'>Agricolae</span> <span class='ocrx_word' id='word_1_248' title='bbox 881 3703 979 3763; x_wconf 90' lang='lat' dir='ltr'>soceri</span> <span class='ocrx_word' id='word_1_249' title='bbox 998 3703 1262 3788; x_wconf 65' lang='lat' dir='ltr'>meidestinatus,</span> 
     </span>
    </p>
   </div>
   <div class='ocr_carea' id='block_1_6' title="bbox 261 3807 1158 3886">
    <p class='ocr_par' dir='ltr' id='par_1_21' title="bbox 261 3807 1158 3886">
     <span class='ocr_line' id='line_1_34' title="bbox 261 3807 1158 3886; baseline 0.002 -20"><span class='ocrx_word' id='word_1_250' title='bbox 261 3807 455 3886; x_wconf 85' lang='lat' dir='ltr'>professione</span> <span class='ocrx_word' id='word_1_251' title='bbox 469 3807 598 3886; x_wconf 88' lang='lat' dir='ltr'>pietatis</span> <span class='ocrx_word' id='word_1_252' title='bbox 613 3814 668 3869; x_wconf 94' lang='lat' dir='ltr'>aut</span> <span class='ocrx_word' id='word_1_253' title='bbox 681 3808 826 3869; x_wconf 88' lang='lat' dir='ltr'>laudatus</span> <span class='ocrx_word' id='word_1_254' title='bbox 841 3809 901 3868; x_wconf 91' lang='lat' dir='ltr'>erit</span> <span class='ocrx_word' id='word_1_255' title='bbox 915 3814 970 3868; x_wconf 87' lang='lat' dir='ltr'>aut</span> <span class='ocrx_word' id='word_1_256' title='bbox 984 3813 1158 3869; x_wconf 83' lang='lat' dir='ltr'>excusatus.</span> 
     </span>
    </p>
   </div>
   <div class='ocr_carea' id='block_1_7' title="bbox 0 0 1524 4300">
    <p class='ocr_par' dir='ltr' id='par_1_22' title="bbox 0 0 1524 4300">
     <span class='ocr_line' id='line_1_35' title="bbox 0 0 1524 4300; baseline 0 0"><span class='ocrx_word' id='word_1_257' title='bbox 0 0 1524 4300; x_wconf 95' lang='lat' dir='ltr'> </span> 
     </span>
    </p>
   </div>
  </div>
 </body>
</html>
