3038 4300
71 2027 73 2033 ·
104 2000 234 2052 Μχιινψθ

306 347 348 410 10
616 358 646 407 r.
673 357 847 408 cononum
870 357 995 408 rsomr

345 529 393 590 14.
423 531 640 592 Consularium
668 531 789 608 primus
814 531 915 592 Aulus
939 532 1084 593 Plautius
1109 535 1306 612 praepositus

47 633 271 717 «2th
305 655 341 696 ac
360 635 492 724 subinde
512 635 654 696 Ostorius
675 636 817 713 Scapula,
829 640 961 714 uterquc
980 637 1063 698 bello
1081 639 1240 714 egregius:
1263 660 1307 700 re

67 709 236 787 nturuufflm

91 792 102 811 Χ.

305 742 456 818 ductaque
473 740 627 818 paulatim
651 740 685 799 in
708 741 842 800 formam
866 742 1044 819 provinciae
1066 744 1209 821 proxima
1232 764 1305 822 pars

304 845 497 920 Britanniae,
519 812 1015 923 addicaiiiirffr'ei‘veteranorum
1042 849 1170 909 colonia.
1212 820 1306 920 Quae

276 917 375 1011 chotin
403 951 548 1011 civitates
577 950 771 1026 Cogidumno
796 952 862 1027 regi
886 953 1019 1012 donatae
1042 952 1084 1032 (is
1105 954 1146 1014 ad
1166 960 1305 1016 nostram

302 1075 401 1132 usquc
413 1057 593 1116 memoriam
607 1055 780 1117 fidissimus
795 1057 935 1138 mansit),
947 1064 1051 1118 vetere
1062 1077 1098 1118 ac
1109 1059 1172 1119 iam
1184 1060 1305 1138 pridem
1347 1101 1348 1108 κ

303 1167 427 1239 recepta
441 1161 550 1239 populi
566 1161 702 1222 Romani
723 1163 956 1238 consuetudine,
981 1170 1017 1223 ut
1041 1163 1171 1224 haberet
1191 1165 1304 1225 instru-

302 1272 407 1327 menta
428 1267 590 1327 servitutis
610 1273 642 1326 et
663 1285 759 1343 reges.
783 1269 860 1327 Mox
884 1268 999 1329 Didius
1027 1247 1154 1330 Gallus*
1168 1276 1258 1347 parta
1285 1290 1304 1331 a

301 1372 457 1448 prioribus
471 1372 635 1451 continuit,
648 1373 756 1450 paucis
771 1344 939 1433 admodum
953 1374 1093 1434 castellis
1107 1374 1141 1432 in
1155 1375 1304 1436 ulteriora

258 1490 289 1536 10
301 1477 460 1554 promotis,
472 1496 619 1589 pcqquae
630 1478 717 1537 fama
730 1479 814 1538 aucti
825 1477 918 1538 officii
930 1485 1138 1556 quaereretur.
1172 1479 1303 1550 Didium

301 1583 335 1652 Q.
362 1583 516 1644 Veranius
541 1583 674 1660 excepit,
700 1583 789 1661 isque
814 1583 899 1644 intra
917 1602 1033 1643 annum
1059 1585 1217 1646 extinctus
1245 1592 1301 1646 cst.

301 1687 468 1748 Suetonius
489 1687 563 1747 hinc
584 1670 756 1750 Paulinusl
764 1688 891 1749 biennio
918 1708 1084 1767 prosperas
1108 1709 1158 1750 res
1182 1691 1301 1767 habuit,
1396 1719 1402 1728 ¹·

301 1793 437 1853 subactis
458 1793 638 1853 nationibus
658 1793 855 1871 firmatisque
875 1795 1058 1872 praesidiis3
1081 1789 1212 1873 quorum
1226 1795 1303 1856 fidu-

299 1897 348 1958 cia
375 1899 502 1958 Monam
531 1899 668 1958 insulam
695 1905 732 1958 ut
758 1899 836 1958 viris
873 1899 1043 1960 rebellibus
1070 1899 1303 1960 ministrantem

239 2017 286 2102 ψ
299 2005 465 2090 adgmssns
482 2009 571 2079 terga
589 2003 744 2103 occasioni
762 2003 922 2082 patefecit.
974 2045 977 2050 ·
1001 2045 1004 2050 -
1038 1991 1159 2075 'gm'w

340 2108 387 2169 15.
416 2109 561 2186 Namque
577 2109 720 2169 absentia
732 2109 829 2184 legati
843 2117 963 2170 remoto
977 2117 1063 2170 metu
1078 2111 1226 2170 Britanni
1240 2111 1302 2188 agi-

51 2216 63 2252 i
81 2277 84 2284 ,
157 2276 161 2284 ,
182 2247 219 2289 ,·,‹
233 2230 245 2258 ¹·
270 2220 272 2225 ’
297 2221 364 2274 tare
378 2215 461 2274 inter
476 2233 509 2274 se
523 2214 606 2274 mala
620 2213 793 2289 servitutis,
805 2216 947 2274 conferre
962 2215 1093 2276 iniurias
1105 2221 1137 2276 et
1151 2215 1301 2294 interpre-

172 3284 202 3334 t,
215 3309 219 3320 .

296 2320 394 2393 tando
415 2289 701 2425 accenderthil
723 2319 832 2397 profici
851 2310 1006 2397 patientia
1022 2319 1084 2380 nisi
1102 2325 1139 2380 ut
1158 2305 1302 2396 graviora

296 2409 510 2502 tamquam'er
524 2424 613 2484 facili
626 2414 833 2485 tolerantibus
845 2415 1048 2502 imperentur.
1079 2425 1225 2502 Singulos
1240 2427 1301 2487 sibi

253 2545 284 2590 ao
296 2529 371 2588 olim
389 2549 476 2606 reges
496 2530 605 2605 fuisse,
620 2549 703 2590 nunc
718 2529 809 2590 binos
824 2530 953 2608 imponi,
969 2549 985 2590 e
1000 2530 1114 2608 quibus
1129 2530 1252 2607 legatus
1266 2531 1300 2590 in

296 2635 488 2710 sanguinem,
510 2640 692 2712 procurator
714 2635 748 2694 in
769 2635 850 2694 bona
871 2635 1013 2696 saeviret.
1056 2635 1166 2713 Aeque
1188 2635 1300 2696 discor-

295 2741 380 2800 diam
388 2740 645 2818 praepositorum,
654 2759 751 2818 aeque
761 2740 957 2800 concordiam
967 2741 1115 2802 subiectis
1125 2741 1298 2824 enitiosam

294 2845 437 2916 Alterius
458 2864 569 2906 manus
590 2845 796 2922 centuriones,
817 2845 947 2905 alterius
969 2864 1074 2906 servos
1095 2823 1211 2912 vim‘et
1231 2833 1311 2906 cons

294 2928 439 3012 tumelias
458 2951 596 3012 miscere.
632 2951 725 3011 Nihil
739 2951 802 3011 iam
821 2951 996 3030 cupiditati,
1012 2951 1094 3010 nihil
1108 2951 1235 3012 libidini
1250 2971 1299 3011 ex-

251 3072 280 3118 25
293 3062 426 3134 ceptum.
468 3057 509 3116 In
527 3056 645 3134 proelio
664 3057 827 3115 fortiorem
847 3075 915 3118 esse
930 3057 984 3134 qui
1004 3057 1134 3134 spoliet:
1158 3076 1241 3116 nunc
1260 3058 1300 3117 ab

294 3161 416 3236 ignaris
441 3162 624 3239 plerumque
649 3167 681 3220 ct
704 3161 884 3221 imbellibus
909 3161 989 3239 eripi
1017 3161 1133 3237 domos,
1157 3155 1299 3222 abstrahi

250 3291 259 3338 g
293 3265 417 3342 liberos,
430 3266 553 3342 iniungi
568 3266 711 3342 dilectus,
723 3272 883 3344 tamquam
893 3267 972 3326 mori
986 3272 1111 3326 tantum
1124 3285 1181 3345 pro
1195 3266 1299 3344 patria

293 3371 514 3432 nescientibus.
551 3371 744 3440 Quantulum
759 3371 843 3430 enim
856 3371 1009 3432 transisse
1024 3371 1170 3448 militum,
1187 3371 1215 3430 si
1229 3389 1297 3431 sese

293 3476 440 3536 Britanni
464 3478 653 3536 numerent?
698 3477 749 3537 Sic
764 3475 949 3538 Germanias
975 3475 1149 3537 excussisse
1173 3475 1296 3552 iugum:

251 3600 281 3646 so
293 3586 325 3640 et
343 3564 480 3656 flunrine,
502 3601 566 3641 uon
585 3581 708 3642 Oceano
729 3582 866 3642 defendi.
910 3582 977 3643 Sibi
996 3581 1131 3660 patriam
1150 3580 1297 3657 coniuges

292 3692 447 3764 parentes,
469 3687 535 3747 illis
560 3687 725 3747 avaritiam
749 3693 781 3747 et
805 3687 962 3747 luxuriam
986 3706 1095 3748 causas
1119 3686 1196 3746 belli
1220 3704 1296 3746 esse.

293 3792 491 3867 Recessuros,
517 3797 553 3851 ut
573 3792 674 3852 Divus
700 3792 802 3852 lulius
823 3791 1013 3867 recessisset,
1034 3793 1126 3852 modo
1146 3791 1298 3852 virtutem

300 3868 307 3886 ⁹
492 3877 541 3928 fl*
582 3910 591 3942 ι]
615 3901 652 3926 λι.
710 3891 723 3905 “
