3038 4300
633 377 832 430 asareem.
1190 370 1233 435 13

230 557 298 634 ipse
317 559 390 614 ante
408 571 529 628 agmen,
544 570 606 681 (iio
624 515 736 611 ceteris
758 569 815 628 par
835 551 959 610 animus
979 551 1076 611 simili
1094 553 1235 720 peric&

231 666 322 734 esset,
338 657 439 718 erexit
453 657 558 717 aciem.
602 657 760 733 Caesaque
779 675 875 733 prope
890 655 1037 716 universa
1056 663 1156 734 gente,
1171 643 1194 717 n

231 767 359 842 ignarus
374 763 555 823 instandum
572 762 675 821 famae
690 780 735 837 ac,
749 767 843 838 prout
862 761 964 838 prima
983 763 1160 840 cessissent,
1175 769 1235 824 ter·

232 890 333 931 rorem
355 869 467 928 ceteris
488 869 566 943 fore,
581 868 709 926 Monam
731 867 877 942 insulam,
895 886 914 926 a
934 867 1022 928 cuius
1038 869 1234 945 possessione

232 980 410 1036 revocatum
434 972 604 1033 Paulinum
625 971 795 1032 rebellione
816 971 913 1032 totius
935 973 1119 1033 Britanniae
1141 987 1262 1052 suprat

233 1079 411 1153 memoravi,
433 1078 574 1154 redigere
595 1077 630 1136 in
650 1083 839 1154 potestatem
860 1077 963 1136 animo
984 1078 1130 1138 intendit.
1174 1080 1236 1140 Sed

233 1192 269 1246 ut
289 1184 445 1245 indubiis
465 1182 604 1243 consiliis
624 1201 721 1242 naves
741 1182 885 1242 deerant:
908 1183 990 1242 ratio
1009 1189 1041 1242 et
1059 1185 1237 1244 constantia

235 1291 323 1351 ducis
337 1288 520 1350 transvexit.
564 1287 724 1365 Depositis
739 1287 883 1348 omnibus
903 1288 1034 1348 sarcinis
1049 1289 1236 1350 lectissimos

235 1395 445 1470 auxiliarium,
467 1393 581 1471 quibus
604 1398 679 1452 nota
703 1393 785 1452 vada
808 1397 840 1452 et
863 1393 1009 1471 proprius
1031 1395 1129 1454 nandi
1151 1415 1236 1471 usuS,

236 1521 297 1580 quo
317 1500 411 1560 simul
436 1510 530 1576 seque
555 1503 587 1558 et
611 1517 698 1557 arma
721 1503 753 1557 et
774 1516 869 1574 equos
893 1505 1015 1574 regunt,
1043 1499 1089 1559 ita
1109 1507 1238 1578 repente
1251 1513 1280 1559 10

236 1568 425 1680 inmisitffut
446 1603 657 1681 obstupefacti
677 1603 793 1676 hostes
816 1603 871 1680 qui
895 1603 1036 1679 classem,
1059 1604 1114 1682 qui
1137 1607 1237 1682 navis,

237 1709 292 1786 qui
316 1728 400 1768 mare
423 1708 639 1786 expectabant,
654 1707 736 1766 nihil
756 1709 888 1767 arduum
902 1714 957 1768 aut
976 1709 1129 1769 invictum
1144 1711 1239 1770 eredi-

238 1815 342 1876 derint
366 1814 411 1874 sic
436 1815 476 1873 ad
500 1813 618 1873 bellum
642 1812 849 1873 venientibus.
903 1813 956 1872 Ita
979 1815 1081 1890 petita
1103 1834 1179 1892 pace
1203 1835 1239 1875 ac

238 1920 346 1980 dedita
365 1919 470 1980 insula
490 1918 592 1978 clarus
613 1937 649 1994 ac
669 1937 800 1993 magnus
821 1918 930 1977 haberi
950 1918 1107 1994 Agricola,
1123 1921 1240 1997 quippe

239 2025 289 2085 cui
306 2023 497 2100 ingredienti
515 2023 718 2100 provinciam,
738 2024 822 2116 quod
841 2028 905 2120 tem
930 2043 966 2083 us
988 2024 1043 2083 alii
1064 2043 1120 2102 per
1141 2031 1282 2089 osten-15

238 2130 391 2190 tationem
405 2135 437 2188 et
456 2127 626 2188 officiorum
646 2127 797 2188 ambitum
812 2043 1000 2204 traiilssunt,
1016 2130 1102 2189 labor
1117 2135 1149 2188 et
1162 2130 1242 2206 peri-

15 2279 22 2286 .
83 2228 345 2325 *pinnaeulum
366 2233 543 2322 plafflisset.
586 2234 654 2292 Nec
675 2232 825 2309 Agricola
845 2234 1053 2310 prosperitate
1078 2253 1183 2293 rerum
1207 2235 1242 2294 in

97 2333 109 2345 ⁹
167 2345 168 2350 ’
239 2341 412 2400 vanitatem
430 2358 515 2414 usus,
530 2338 762 2416 expeditionem
781 2344 836 2397 aut
849 2340 1014 2399 victoriam
1033 2341 1165 2400 vocabat
1181 2341 1243 2400 vic-

240 2451 289 2505 tos
314 2444 522 2520 continuisse3
547 2461 587 2502 ne
615 2443 764 2504 laureatis
790 2444 917 2521 quidem
944 2450 1033 2520 gesta
1059 2451 1242 2524 prosecutus

158 2611 170 2626 g
241 2557 298 2626 est,
324 2551 379 2610 sed
402 2550 472 2628 ipsa
471 2549 746 2634 fiissmulatione
770 2549 874 2610 famae
895 2551 1013 2610 famam
1034 2551 1131 2627 auxit,
1154 2551 1285 2612 cesti-20

242 2657 399 2716 mantibus
415 2660 533 2732 quanta
546 2655 649 2714 futuri
664 2673 718 2731 spe
733 2659 798 2713 tam
812 2674 927 2732 magna
939 2656 1097 2716 tacuisset.

282 2761 329 2822 19.
360 2762 506 2821 Ceterum
527 2759 702 2818 animorum
722 2751 901 2836 provinciae
922 2762 1069 2837 prudens,
1088 2762 1243 2840 simulque

185 2891 189 2905 ·
243 2867 351 2926 doctus
365 2883 422 2943 per
436 2865 539 2924 aliena
557 2864 772 2942 experimenta
786 2885 897 2942 parum
911 2866 1020 2948 profici
1035 2867 1183 2954 amissi
1200 2869 1245 2926 in-

242 2971 341 3031 iuriae
356 2975 567 3048 sequerentur,
583 2988 691 3030 causas
712 2970 867 3030 bellorum
888 2931 1171 3057 statrritffiidem.
1214 2973 1244 3031 A

150 3125 151 3128 η
244 3095 276 3136 se
301 3075 428 3153 suisque
453 3094 541 3135 orsus
565 3075 702 3152 primum
728 3075 852 3134 domum
878 3046 1135 3152 suambobbffi,
1161 3077 1244 3154 quod
1257 3095 1295 3158 25Ι

243 3181 401 3259 plerisque
419 3179 505 3239 haud
525 3179 628 3240 minus
650 3181 781 3240 arduum
801 3186 850 3240 est
871 3200 964 3258 quam
987 3181 1180 3258 provinciam
1201 3201 1245 3241 re-

244 3305 323 3363 gere.
373 3285 465 3344 Nihil
493 3303 548 3363 per
576 3284 705 3345 libertos
733 3303 900 3363 servosque
928 3286 1070 3364 publicae
1099 3287 1153 3361 rei,
1182 3306 1253 3346 non⁴

153 3413 156 3418 ·
244 3390 358 3470 studiis
379 3389 512 3467 privatis
529 3407 585 3448 nec
603 3408 642 3448 ex
668 3391 925 3450 commendatione
944 3397 999 3450 aut
1016 3392 1159 3468 precibus
1179 3409 1246 3450 cen·
1374 3463 1379 3478 ι

244 3495 400 3556 turionem
420 3494 578 3554 militesve
599 3495 706 3585 ascire,
731 3496 785 3556 sed
808 3496 962 3574 optimum
985 3516 1139 3575 quemque
1161 3495 1246 3556 fidis·
1263 3465 1468 3551 <1th

246 3601 358 3660 simum
372 3605 491 3679 putare.
532 3600 645 3660 Omnia
660 3601 746 3676 scire,
764 3621 827 3660 non
842 3601 946 3661 omnia
961 3602 1097 3680 exsequ‘.
1133 3602 1244 3662 Parvis
1258 3623 1288 3668 30

246 3705 382 3782 peccatis
409 3705 543 3781 veniam,
572 3706 692 3781 magnis
716 3707 916 3766 severitatem
955 3669 1172 3784 ciiiiinodar‘bs
1188 3727 1245 3768 nec
1423 3779 1425 3786 Ι

246 3829 345 3896 poena
373 3829 503 3902 semper,
529 3811 584 3871 sed
608 3811 732 3902 saepius
753 3812 949 3902 paenitentia
972 3817 1137 3900 contentus
1159 3833 1243 3898 esse,
1269 3834 1280 3862 x›
1450 3805 1509 3863 ὦ

1254 1151 1303 1206 ff

30 2415 47 2456 ⁸,
