3038 4300
688 384 884 436 AGRICOLA.

504 569 917 630 Birrrpzace,Parenrs‚1rarq
939 569 1079 633 Troiaiap.
1157 603 1159 607 -

328 683 357 744 4.
381 685 507 745 Gnaeus
532 683 634 743 Iulius
655 683 811 760 Agricola,
831 689 937 743 vetere
959 689 991 744 et
1015 685 1142 745 inlustri
1166 687 1292 746 Foroiu-

289 789 437 850 liensium
465 789 587 849 colonia
614 793 710 863 ortus,
739 793 907 866 utrumque
934 808 1028 849 avum
1058 797 1292 869 procuratorem

290 896 458 956 Caesarum
472 894 591 970 habuit,
604 913 683 972 quae
698 894 853 970 equestris
869 895 1017 956 nobilitas
1033 903 1089 956 est.
1132 897 1228 956 Pater
1241 898 1292 956 1111

290 1000 392 1060 Iulius
421 993 602 1075 Graecinus,
627 999 776 1059 senatorii
797 983 935 1075 ordinis,
961 1001 1067 1068 studio
1096 1002 1292 1079 eloquentiae

291 1105 525 1183 sapientiaeque
552 1110 654 1180 notus,
683 1105 791 1182 eisque
819 1105 897 1182 ipsis
926 1105 1096 1168 virtutibus
1124 1107 1203 1166 iram
1233 1108 1320 1191 (iait

93 1205 261 1302 <ampula
291 1211 433 1296 Caesaris
458 1210 604 1270 meritus:
630 1229 765 1286 namque
788 1211 831 1288 M.
857 1209 999 1270 Silanum
1022 1231 1166 1273 accusare
1188 1213 1292 1273 iussus

291 1322 331 1392 et,
350 1316 424 1393 quia
445 1315 604 1391 abnuerat,
620 1315 806 1374 interiectus
827 1320 884 1376 est.
927 1317 1030 1376 Mater
1051 1318 1136 1377 Iulia
1155 1317 1293 1377 Procilla

290 1421 362 1496 fuit,
378 1439 465 1480 rarae
479 1421 642 1480 castitatis
686 1421 726 1478 In
746 1420 840 1480 huius
858 1421 929 1480 sinu
946 1421 1205 1500 indulgentiaque
1222 1424 1294 1482 edu-

291 1533 379 1589 catus
397 1545 452 1604 per
474 1545 596 1586 ornnem
617 1525 818 1585 honestarum
844 1525 960 1586 artium
983 1527 1102 1586 cultum
1125 1528 1294 1604 pueritiam

292 1631 599 1708 adulescentiamque
620 1630 782 1706 transegit.
828 1631 966 1692 Areebat
980 1650 1049 1691 eum
1070 1633 1108 1692 ab
1127 1633 1293 1694 inlecebris
1307 1645 1335 1691 10

291 1737 486 1815 peccantium
507 1741 631 1814 praeter
650 1735 750 1813 ipsius
771 1736 884 1796 bonam
903 1737 1119 1815 integramque
1139 1745 1292 1814 naturam,

292 1843 375 1919 quod
403 1841 511 1901 statim
539 1841 688 1920 parvulus
717 1842 821 1900 sedem
850 1860 885 1901 ac
913 1843 1096 1928 magistram
1118 1843 1294 1903 studiorum

713 1908 878 1924 ...ψ’-κ,-

291 1911 733 2040 Μ1111111Ψ1ὦῆᾟ11111
755 1947 876 2008 Graeca
894 1947 1041 2030 comitate
1059 1929 1482 2043 (1111101111111111ᾐιφιθὲῌνηῖο

292 2052 484 2130 parsimonia
493 2051 628 2112 mixtum
642 2070 677 2112 ac
691 2053 769 2113 bene
781 2052 995 2130 compositum.
1038 2054 1192 2114 Memoria
1202 2059 1294 2114 teneo

291 2157 421 2217 solitum
449 2157 554 2234 ipsum
582 2176 708 2217 narrare
738 2176 770 2216 se
802 2157 904 2235 prima
932 2157 966 2216 in
994 2158 1125 2218 iuventa
1153 2159 1293 2219 studium
1308 2173 1335 2218 15

291 2263 509 2340 philosophiae
531 2263 642 2338 acrius,
663 2263 808 2341 ultraque
830 2283 924 2340 quarn
945 2283 1126 2344 cppcessqm
1151 2265 1379 2352 1101111111οΜ
1393 2264 1481 2320 ilaec..

295 2369 346 2449 [ao
361 2369 526 2450 senatori],
541 2367 693 2444 hausisse,
712 2369 746 2426 ni
765 2369 934 2446 prudentia
954 2369 1064 2430 matris
1079 2369 1241 2429 incensum
1258 2388 1293 2428 ac

291 2476 476 2551 flagrantem
491 2463 630 2533 animum
643 2471 838 2534 coercuisset.
879 2474 1005 2534 Scilicet
1020 2475 1153 2534 sublime
1168 2481 1200 2534 et
1215 2494 1294 2536 erec-

291 2587 359 2641 tum
380 2581 541 2656 ingenium
562 2579 828 2659 pulchritudinem
847 2598 882 2638 ac
897 2579 1032 2657 speciem
1047 2599 1177 2656 magnae
1196 2581 1294 2640 excel-

292 2705 404 2764 saeque
419 2667 542 2773 gloriae(
552 2683 768 2744 vehementius
784 2703 878 2760 quam
893 2689 982 2744 caute
998 2656 1177 2770 adpetebat]
1216 2687 1294 2745 Mox
1307 2701 1336 2746 ac
1354 2654 1437 2724 haul
1449 2685 1498 2726 Αἱ

291 2791 450 2867 mitigavit
474 2791 608 2850 ratioet
633 2795 727 2864 aetas,
749 2789 952 2867 retinuitque,
975 2790 1059 2867 quod
1080 2795 1128 2850 est
1150 2790 1294 2851 difficilli-
1458 2775 1463 2782 ”

290 2917 384 2972 mum,
400 2915 439 2956 ex
454 2895 611 2974 sapientia
624 2895 860 2966 modumsuaw
871 2897 947 2964 rim
957 2893 1082 2970 qim,
1150 2966 1152 2970 ¹

643 2984 699 3019 r*

646 3073 771 3135 Militari!
793 3073 934 3136 fraterno.

330 3181 358 3244 5.
387 3181 496 3240 Prima
516 3185 688 3242 castrorum
710 3179 889 3238 rudimenta
904 3179 940 3238 in
959 3179 1126 3241 Britannia
1144 3181 1294 3242 Suetonio

290 3287 432 3362 Paulino,
451 3285 598 3362 diligenti
619 3304 654 3346 ac
675 3285 836 3344 moderato
858 3284 939 3361 duci,
961 3285 1156 3363 adprobavit,
1176 3286 1293 3346 electus
1386 3357 1390 3367 ¹
1447 3355 1452 3369 f

290 3412 383 3471 quem
411 3390 615 3488 contubernio
643 3390 831 3472 aestimaret.
884 3391 952 3450 Nec
977 3390 1125 3466 Agricola
1152 3390 1291 3466 licenter,
1306 3403 1335 3448 25
1350 3369 1483 3424 ”mm

289 3517 374 3558 more
395 3497 544 3556 iuvenum
565 3495 619 3573 qui
640 3495 788 3556 militiam
809 3495 844 3553 in
861 3495 1024 3555 lasciviam
1038 3500 1176 3571 vertunt,
1191 3514 1292 3573 neque

290 3603 427 3680 segniter
446 3601 487 3662 ad
500 3601 678 3678 voluptates
699 3606 731 3660 et
761 3605 939 3684 conmeatus
961 3600 1091 3660 titulum
1112 3601 1292 3662 tribunatus
1313 3593 1393 3706 ψ
1407 3634 1466 3654 „w

289 3715 322 3768 et
339 3707 498 3768 inscitiam
515 3705 658 3766 rettulit:
682 3705 737 3765 sed
750 3723 876 3786 noscere
891 3705 1093 3782 provinciam,
1108 3706 1196 3766 nosci
1210 3725 1293 3766 exer·
1308 3706 1381 3758 *mit*

266 3827 268 3830 ·
290 3813 376 3890 citui,
394 3812 514 3874 discere
535 3830 555 3872 a
574 3811 696 3890 peritis,
715 3811 804 3888 sequi
826 3811 970 3889 optimos,
984 3811 1068 3870 nihil
1089 3811 1237 3925 adpetere
1258 3813 1297 3904 in
