3038 4300
695 400 892 452 11111111.
1276 393 1315 459 1.

293 576 411 637 1111111
429 595 448 636 1
466 574 569 638 Galba
588 573 629 635 ad
650 574 733 634 done
751 573 941 651 templorum
960 513 1211 650 ς111Λ11ιέ11111ἶ111111
1229 577 1298 637 dili-

293 682 479 759 gcntissima
502 679 732 758 conquisitione
756 679 843 755 fecit,
864 697 904 738 ne
932 679 1020 740 cuius
1047 680 1179 742 alterius
1207 683 1298 744 sacri-

293 787 410 883 legium
424 805 474 847 res
488 785 615 864 publica
630 803 723 887 quarn
736 785 874 844 Neronis
890 784 1048 845 sensisset.

334 892 361 954 7
371 888 532 978 (Sequens
555 857 705 968 annus)
680 891 769 966 gravi
791 891 919 951 vulnere
946 891 1084 951 animum
1109 893 1297 970 domumque

293 998 360 1058 eius
376 997 508 1058 adflixit.
548 997 633 1057 Nam
650 995 760 1057 classis
777 995 958 1056 Othoniana
974 996 1105 1057 licenter
1125 1017 1204 1075 vaga
1222 999 1295 1058 dum
1310 1011 1325 1056 1

293 1102 484 1162 Intimilium
503 1101 664 1181 (Liguriae
684 1119 757 1179 pars
779 1103 840 1182 est)
858 1101 1018 1162 hostiliter
1038 1103 1216 1181 populatur,
1236 1123 1298 1164 ma

293 1212 373 1268 trem
384 1207 550 1284 Agricolae
565 1207 599 1266 in
612 1207 750 1285 praediis
766 1206 831 1266 suis
845 1206 1015 1282 interfecit,
1027 1208 1217 1286 praediaque
1229 1209 1299 1286 ipsa

293 1319 325 1372 11
338 1332 484 1389 magnam
499 1311 680 1390 patrimonii
694 1317 817 1389 partem
834 1311 976 1389 diripuit,
992 1331 1072 1389 quae
1086 1331 1180 1374 causa
1194 1314 1297 1374 caedis

293 1417 405 1478 fuerat.
448 1417 551 1494 Igitur
570 1417 610 1477 ad
630 1416 795 1478 sollemnia
815 1416 943 1494 pictatis
965 1417 1125 1494 profectus
1140 1417 1296 1495 Agricola,

86 1519 404 1604 Μ,1111111111
429 1521 996 1630 aijtatQQmperii
1021 1523 1233 1600 deprehensus
1261 1543 1297 1584 ac
1311 1537 1340 1583 10

236 1622 245 1642 ⁸
293 1628 402 1688 statim
420 1629 455 1687 in
473 1627 573 1705 partis
595 1632 809 1702 transgressus
831 1633 887 1687 est.
930 1627 1030 1686 Initia
1046 1628 1242 1706 principatus
1262 1647 1298 1690 ac

293 1738 411 1793 statum
429 1733 516 1793 urbis
537 1731 703 1792 Mucianus
723 1731 882 1807 regebat,
874 1750 986 1791 iuvene
1006 1733 1174 1792 admodum
1194 1735 1299 1794 Domi-

292 1837 379 1898 tiano
398 1844 430 1898 et
447 1856 486 1897 ex
501 1842 643 1924 paterna
651 1837 780 1896 fortuna
796 1842 920 1896 tantum
935 1837 1097 1898 licentiam
1115 1845 1295 1916 usurpante.

292 1942 326 2002 Is
345 1943 477 2002 missum
497 1942 538 2002 ad
541 1942 687 2015 dilectus
685 1942 840 2024 agendos
859 1941 1040 2058 agricolam
1060 1943 1243 2021 integreque
1262 1918 1454 2027 aolffi'*

293 2051 419 2106 strenue
440 2051 600 2106 versatum
619 2046 943 2150 vicensimaejegroni
962 2047 1051 2106 tarde
1069 2049 1108 2107 ad
1128 2067 1298 2133 sacramen·
1311 2067 1339 2111 15

292 2157 360 2211 tum
377 2131 982 2246 111111111111κῇ11111111ιῖ111βω
881 2152 1024 2212 decessor
1038 2153 1186 2214 seditiose
1206 2146 1401 2239 ageret

292 2257 492 2317 narrabatur:
513 2256 630 2334 quippe
650 2256 763 2332 legatis
782 2275 905 2334 quoque
920 2257 1134 2318 consularibus
1149 2259 1248 2319 nimia
1261 2279 1296 2319 ec
1307 2261 1353 2318 Ro
1366 2186 1481 2323 1111

292 2362 495 2422 formidolosa
513 2367 589 2436 erat,
607 2380 665 2421 neo
685 2361 808 2439 legatus
831 2362 1007 2440 praetorius
1028 2363 1069 2422 ad
1088 2363 1297 2423 cohibendum
1353 2330 1447 2388 μ

292 2473 411 2544 potens,
427 2467 581 2526 incertum
599 2485 656 2527 suo
670 2485 711 2526 an
726 2467 864 2526 militnm
883 2467 1016 2544 ingenio.
1068 2469 1120 2528 Ita
1139 2489 1297 2531 successor

293 2572 387 2632 simul
401 2577 434 2631 et
447 2571 532 2632 ultor
546 2572 663 2638 clectus
678 2571 838 2632 rarissima
848 2573 1060 2632 moderatione
1072 2573 1184 2634 maluit
1196 2575 1296 2636 videri
1309 2595 1339 2640 1ο

292 2676 450 2737 invenisse
465 2677 561 2738 bonos
577 2695 671 2764 qimam
685 2676 806 2736 fecisse.
816 2650 965 2730 1116111

332 2781 359 2842 8.
389 2784 537 2842 Praeerat
556 2787 631 2842 tunc
648 2781 831 2842 Britanniae
845 2783 908 2844 Vet
895 2783 972 2844 ttius
987 2783 1126 2845 Bolanus
1141 2785 1295 2863 placidius

292 2906 385 2965 quam
406 2887 504 2946 feroci
525 2886 687 2964 provincia
717 2887 848 2964 dignum
871 2894 927 2949 est.
981 2890 1184 2967 Temperavit
1205 2891 1294 2950 Ari-

291 2992 359 3052 oola
380 2992 445 3051 vim
468 3012 556 3053 suam
582 2993 785 3068 ardoremque
812 2990 1013 3077 compescuit,
1035 3009 1074 3048 11
1098 2911 1314 3072 irlcrescerctlt‘
1301 2997 1355 3039 t*
1345 2963 1455 3026 W
1463 2978 1501 3022 L

265 3089 410 3186 (peritus
446 3089 590 3174 obsequi)
602 3073 814 3172 eruditusque
849 3094 944 3154 utilia
976 3095 1118 3155 honestis
1155 3096 1337 3161 miscerent

291 3203 386 3261 Brevi
414 3202 527 3262 deinde
552 3201 719 3261 Britannia
742 3199 1294 3282 consularemjetiliurmsserialern

291 3307 418 3384 accepit.
397 3308 656 3367 tHabucrunt
677 3305 810 3365 virtutes
828 3305 969 3389 spatium
995 3305 1217 3384 exemplorum,
1240 3307 1317 3366 sed
1320 3323 1481 3370 rw·-

291 3413 392 3490 primo
427 3411 558 3473 Cerialis
593 3411 714 3470 labores
743 3410 835 3469 modo
869 3415 901 3470 et
936 3409 1125 3486 discrimina,
1155 3429 1228 3470 mox
1263 3418 1294 3472 et

291 3517 422 3594 gloriam
453 3515 707 3576 communicabat:
732 3533 823 3593 saepe
843 3515 926 3593 parti
948 3515 1131 3575 exercitus'
1123 3535 1158 3575 11
1177 3517 1294 3595 experi-

290 3627 440 3697 mentum,
456 3621 626 3699 aliquando
640 3621 810 3680 maioribus
825 3619 922 3698 copiis
942 3638 981 3679 cx
1000 3626 1114 3680 eventu
1130 3623 1292 3699 praefecit.
1307 3644 1337 3690 30

290 3727 357 3787 Neo
372 3727 520 3804 Agricola
538 3745 686 3804 umquam
701 3726 734 3784 in
750 3745 837 3785 suam
854 3725 972 3785 famam
990 3726 1087 3802 gestis
1103 3727 1292 3788 exsultavit:

291 3834 511 3924 adauctorem
534 3851 570 3892 ac
592 3832 703 3892 ducem
724 3837 761 3890 ut
781 3831 877 3920 minis
878 3837 925 3891 ter
878 3832 1107 3965 tfortunam
1128 3833 1292 3894 referebat.
