3038 4300
670 373 868 426 Acnroonn
1231 369 1272 433 31

647 489 671 500 ιν

266 547 409 610 adsidere
424 547 494 608 vale
495 547 608 624 tudini,
597 467 743 608 sm,
746 475 1075 668 defierentACrpqsatrarr
1089 551 1181 612 vultu
1194 571 1273 613 oom-

266 654 423 731 plexuque
454 673 518 712 non
546 653 687 728 contigit.
740 631 982 732 Excepissemus
1010 661 1094 716 certe
1122 659 1273 720 mandata

265 777 427 836 vocesque,
449 777 528 836 quas
557 758 684 837 penitus
713 759 818 820 animo
847 759 1021 836 figeremus.
1078 763 1195 822 Noster
1218 763 1271 824 hic

191 875 193 882 ’
265 864 362 939 dolor,
384 869 526 924 nostrum
545 865 670 941 vulnus,
693 865 784 926 nobis
805 871 871 926 tam
892 865 1002 942 longao
1024 867 1185 928 absentiae
1202 887 1272 928 con-

265 969 387 1028 dicione
414 976 487 1030 ante
515 970 758 1048 quadriennium
786 971 919 1031 amissus
947 976 1003 1032 est.
1060 972 1174 1034 Omnia
1202 974 1298 1034 sinet

185 1127 189 1132 .
265 1075 368 1149 dubio,
393 1075 510 1152 optime
538 1081 712 1153 parentum,
739 1077 1269 1182 adsidentKamantissimqpqore

264 1180 446 1257 superfuere
463 1180 575 1240 honori
594 1187 666 1240 tuo:
695 1182 960 1274 paucioribus
914 1187 1021 1242 tamen
1037 1183 1175 1264 laqriruis
1191 1203 1270 1243 oom-

263 1285 404 1361 ploratus
426 1303 458 1346 es
490 1291 522 1346 et
546 1286 719 1348 novissima
729 1287 777 1374 in
805 1287 875 1372 luce
902 1287 1118 1348 desideravere
1147 1288 1269 1366 aliquid

263 1390 345 1450 oculi
359 1390 415 1450 tui.
909 1357 1113 1412 “M

302 1495 351 1555 46.
382 1495 417 1556 si
438 1496 509 1574 quis
530 1497 654 1574 piorum
675 1497 979 1619 manibusqlqcusf
955 1518 991 1575 sr,
1013 1504 1050 1558 ut
1071 1499 1267 1577 sapientibus
1281 1515 1310 1561 10

263 1599 375 1678 placet,
403 1620 466 1660 non
491 1620 561 1661 cum
585 1621 712 1680 corpore
734 1603 961 1678 extinguuntur
981 1622 1113 1680 magnae
1134 1605 1266 1682 animae,

262 1705 385 1781 plac-ide
406 1706 557 1782 quiescas
576 1726 695 1785 nosque
714 1713 746 1767 et
765 1708 892 1768 domum
913 1714 1001 1768 tuam
1021 1709 1060 1770 ab
1079 1709 1268 1784 infirmode

85 1853 131 1898 Μ
142 1809 220 1884 ,sll‘
263 1809 378 1884 siderio
400 1817 432 1870 et
452 1812 825 1901 mmiebribuqlamentis
843 1814 883 1873 ad
898 1815 1194 1892 contemplationem
1208 1816 1268 1876 vir-

129 1899 138 1914 ²
261 1920 365 1974 tutum
383 1920 508 1975 tuarum
525 1935 626 1992 voces,
642 1937 719 1995 quas
738 1936 840 1995 neque
858 1918 959 2008 lugeri
976 1938 1077 1996 neque
1094 1921 1202 2012 plangi
1216 1917 1273 1982 fas*
1288 1905 1435 1967 *ebs

140 2069 142 2076 .
179 2019 181 2021 ’
262 2025 317 2080 est.
361 2019 580 2082 Admiratione
598 2023 705 2100 potius
724 2028 756 2082 et
774 2023 995 2084 inmortalibus
1014 2024 1159 2086 laudibus
1179 2031 1220 2102 11,
1239 1973 1425 2102 11115Νῆκ

77 2111 241 2192 aad}
261 2131 375 2186 natura
408 2127 597 2204 suppeditet,
627 2128 837 2188 similitudine
864 2134 897 2188 te
924 2129 1080 2190 colamus:
1117 2131 1145 2192 is
1173 2149 1266 2193 verus

261 2230 369 2306 honos,
384 2251 422 2292 ea
435 2233 685 2344 coniunctissimi
703 2234 853 2312 cuiusque
874 2235 984 2313 pietas.
1027 2235 1067 2294 Id
1087 2235 1173 2296 filiae
1194 2256 1267 2314 quo

261 2355 321 2413 que
341 2337 494 2414 uxorique
516 2315 736 2416 praeceperim,
757 2339 802 2399 sic
826 2339 935 2416 patris,
954 2339 999 2400 sic
1023 2340 1130 2400 mariti
1154 2361 1266 2402 memo

260 2441 338 2501 riam
367 2443 519 2518 venerari,
548 2448 584 2502 ut
618 2443 723 2504 omnia
757 2444 843 2504 faeta
877 2445 1024 2522 dictaque
1059 2445 1126 2506 eius
1161 2465 1266 2506 secum

60 2552 197 2630 &ww
212 2547 433 2662 perer-mmet,
461 2549 657 2626 formamque
685 2568 721 2608 ac
750 2548 883 2625 figuram
913 2551 1012 2610 animi
1040 2551 1140 2626 magis
1170 2567 1307 2629 quamne

260 2652 398 2728 corporis
419 2653 676 2730 complectantur,
698 2673 761 2713 non
782 2654 857 2731 quia
878 2655 1135 2715 intercedendum
1156 2662 1265 2734 putem

259 2755 449 2833 imaginibus
475 2777 554 2835 quae
583 2777 736 2818 marmore
763 2764 819 2820 aut
839 2778 910 2819 aere
938 2760 1110 2836 finguntur,
1139 2762 1203 2838 sed,
1229 2768 1265 2822 ut

259 2862 366 2922 vultus
385 2862 557 2938 hominum,
577 2863 624 2923 ita
643 2863 810 2924 simulacra
827 2865 936 2924 viribus
957 2865 1116 2926 imbecilla
1132 2885 1168 2926 ac
1187 2886 1265 2926 mor·

258 2967 338 3026 talia
358 2972 440 3042 sunt,
458 2968 561 3027 forma
581 2969 697 3028 mentis
718 2976 853 3048 aeterna,
869 2989 963 3047 quam
983 2975 1090 3030 tenere
1112 2976 1144 3030 et
1165 2972 1265 3049 expri-

259 3090 342 3130 mere
361 3091 424 3131 non
443 3091 499 3150 per
518 3073 653 3133 alienam
671 3074 835 3134 materiam
854 3081 886 3134 et
905 3081 1013 3151 artem,
1034 3076 1090 3136 sed
1110 3075 1174 3136 tuis
1195 3077 1263 3154 ipse
1277 3090 1306 3135 26

258 3177 397 3237 moribus
414 3179 524 3254 possis.
567 3179 730 3256 Quidquid
747 3198 786 3238 ex
805 3179 954 3255 Agricola
972 3181 1156 3256 amavimus,
1176 3182 1265 3258 quid-

167 3337 169 3346 ,
258 3281 335 3358 quid
356 3281 463 3341 mirati
484 3303 600 3359 sumus,
622 3289 729 3343 manet
749 3303 993 3363 mansurumque
1015 3291 1063 3346 est
1086 3287 1120 3344 in
1149 3286 1263 3347 animis

258 3385 428 3462 hominum,
457 3387 491 3446 in
525 3388 712 3448 aeternitate
746 3394 931 3467 temporum,
961 3391 995 3449 in
1029 3391 1116 3450 fama
1149 3409 1261 3450 rerum.

239 3531 241 3537 -
257 3491 341 3550 Nam
356 3492 437 3551 mult
424 3497 472 3552 tos
491 3498 631 3557 veterum
650 3493 738 3553 velut
757 3494 907 3571 inglorios
928 3501 959 3554 et
980 3495 1128 3571 ignobilis
1146 3495 1263 3556 oblivio

258 3596 378 3656 obruit:
401 3596 550 3674 Agricola
573 3598 753 3678 posteritati
775 3605 921 3662 narratus
945 3605 977 3662 et
963 3600 1139 3663 ttraditus
1159 3619 1263 3682 super·
1276 3618 1305 3664 30

259 3707 322 3763 stes
344 3703 411 3764 erit

266 3851 387 3938 bae
417 3850 513 3928 um
544 3845 754 3924 sarad:
783 3829 1122 3980 &jib-³3*
1157 3837 1428 3935 swale,
