<?xml version="1.0" encoding="UTF-8"?>
<!DOCTYPE html PUBLIC "-//W3C//DTD XHTML 1.0 Transitional//EN"
    "http://www.w3.org/TR/xhtml1/DTD/xhtml1-transitional.dtd">
<html xmlns="http://www.w3.org/1999/xhtml" xml:lang="en" lang="en">
 <head>
  <title>
</title>
<meta http-equiv="Content-Type" content="text/html;charset=utf-8" />
  <meta name='ocr-system' content='tesseract 3.04.00' />
  <meta name='ocr-capabilities' content='ocr_page ocr_carea ocr_par ocr_line ocrx_word'/>
</head>
<body>
  <div class='ocr_page' id='page_1' title='image "./tacitusdevitaet02tacigoog_0067.png"; bbox 0 0 3038 4300; ppageno 0'>
   <div class='ocr_carea' id='block_1_1' title="bbox 275 397 967 460">
    <p class='ocr_par' dir='ltr' id='par_1_1' title="bbox 275 397 967 460">
     <span class='ocr_line' id='line_1_1' title="bbox 275 397 967 460; baseline -0.004 0"><span class='ocrx_word' id='word_1_1' title='bbox 275 397 317 460; x_wconf 80' lang='lat'><strong>22</strong></span> <span class='ocrx_word' id='word_1_2' title='bbox 588 408 618 457; x_wconf 81' lang='lat' dir='ltr'><strong>r.</strong></span> <span class='ocrx_word' id='word_1_3' title='bbox 644 405 819 458; x_wconf 75' lang='lat' dir='ltr'><strong>cornuin</strong></span> <span class='ocrx_word' id='word_1_4' title='bbox 841 407 967 458; x_wconf 83' lang='lat' dir='ltr'><strong>rncrrr</strong></span> 
     </span>
    </p>
   </div>
   <div class='ocr_carea' id='block_1_2' title="bbox 56 579 1281 3918">
    <p class='ocr_par' dir='ltr' id='par_1_2' title="bbox 230 579 1281 2864">
     <span class='ocr_line' id='line_1_2' title="bbox 273 579 1280 659; baseline 0.004 -19"><span class='ocrx_word' id='word_1_5' title='bbox 273 587 373 657; x_wconf 92' lang='lat' dir='ltr'><strong>tones,</strong></span> <span class='ocrx_word' id='word_1_6' title='bbox 395 599 434 640; x_wconf 88' lang='lat' dir='ltr'><strong>ex</strong></span> <span class='ocrx_word' id='word_1_7' title='bbox 455 598 517 658; x_wconf 86' lang='lat' dir='ltr'><strong>quo</strong></span> <span class='ocrx_word' id='word_1_8' title='bbox 536 579 655 639; x_wconf 83' lang='lat' dir='ltr'><strong>virtute</strong></span> <span class='ocrx_word' id='word_1_9' title='bbox 676 585 709 640; x_wconf 91' lang='lat' dir='ltr'><strong>et</strong></span> <span class='ocrx_word' id='word_1_10' title='bbox 729 579 878 658; x_wconf 82' lang='lat' dir='ltr'><strong>auspiciis</strong></span> <span class='ocrx_word' id='word_1_11' title='bbox 901 579 1027 659; x_wconf 88' lang='lat' dir='ltr'><strong>imperii</strong></span> <span class='ocrx_word' id='word_1_12' title='bbox 1051 582 1196 659; x_wconf 88' lang='lat' dir='ltr'><strong>Romani,</strong></span> <span class='ocrx_word' id='word_1_13' title='bbox 1217 583 1280 644; x_wconf 90' lang='lat' dir='ltr'><strong>fide</strong></span> 
     </span>
     <span class='ocr_line' id='line_1_3' title="bbox 274 657 1281 768; baseline 0.003 -21"><span class='ocrx_word' id='word_1_14' title='bbox 274 692 370 764; x_wconf 89' lang='lat' dir='ltr'><strong>atque</strong></span> <span class='ocrx_word' id='word_1_15' title='bbox 397 703 492 764; x_wconf 89' lang='lat' dir='ltr'><strong>opera</strong></span> <span class='ocrx_word' id='word_1_16' title='bbox 517 691 625 746; x_wconf 89' lang='lat' dir='ltr'><strong>nostra</strong></span> <span class='ocrx_word' id='word_1_17' title='bbox 652 685 851 746; x_wconf 81' lang='lat' dir='ltr'><strong>Britanniam</strong></span> <span class='ocrx_word' id='word_1_18' title='bbox 879 686 1011 748; x_wconf 88' lang='lat' dir='ltr'><strong>vicistis.</strong></span> <span class='ocrx_word' id='word_1_19' title='bbox 1068 657 1129 749; x_wconf 60' lang='lat' dir='ltr'><strong>Tit</strong></span> <span class='ocrx_word' id='word_1_20' title='bbox 1156 690 1281 768; x_wconf 84' lang='lat' dir='ltr'><strong>expedi-</strong></span> 
     </span>
     <span class='ocr_line' id='line_1_4' title="bbox 274 781 1280 870; baseline 0.004 -18"><span class='ocrx_word' id='word_1_21' title='bbox 274 792 422 867; x_wconf 81' lang='lat' dir='ltr'><strong>tionibus,</strong></span> <span class='ocrx_word' id='word_1_22' title='bbox 437 781 486 852; x_wconf 80' lang='lat' dir='ltr'><strong>tbt</strong></span> <span class='ocrx_word' id='word_1_23' title='bbox 500 791 637 870; x_wconf 90' lang='lat' dir='ltr'><strong>procliis,</strong></span> <span class='ocrx_word' id='word_1_24' title='bbox 654 810 709 852; x_wconf 92' lang='lat' dir='ltr'><strong>seu</strong></span> <span class='ocrx_word' id='word_1_25' title='bbox 726 791 915 852; x_wconf 85' lang='lat' dir='ltr'><strong>fortitudine</strong></span> <span class='ocrx_word' id='word_1_26' title='bbox 929 793 1079 855; x_wconf 88' lang='lat' dir='ltr'><strong>adversus</strong></span> <span class='ocrx_word' id='word_1_27' title='bbox 1101 793 1202 855; x_wconf 90' lang='lat' dir='ltr'><strong>hostis</strong></span> <span class='ocrx_word' id='word_1_28' title='bbox 1225 815 1280 856; x_wconf 92' lang='lat' dir='ltr'><strong>seu</strong></span> 
     </span>
     <span class='ocr_line' id='line_1_5' title="bbox 235 895 1279 979; baseline 0.003 -22"><span class='ocrx_word' id='word_1_29' title='bbox 235 974 237 979; x_wconf 89' lang='lat'>.</span> <span class='ocrx_word' id='word_1_30' title='bbox 273 895 429 975; x_wconf 88' lang='lat' dir='ltr'><strong>patientia</strong></span> <span class='ocrx_word' id='word_1_31' title='bbox 449 915 484 956; x_wconf 88' lang='lat' dir='ltr'><strong>ac</strong></span> <span class='ocrx_word' id='word_1_32' title='bbox 501 896 606 956; x_wconf 91' lang='lat' dir='ltr'><strong>labore</strong></span> <span class='ocrx_word' id='word_1_33' title='bbox 621 915 719 975; x_wconf 86' lang='lat' dir='ltr'><strong>paene</strong></span> <span class='ocrx_word' id='word_1_34' title='bbox 734 897 884 958; x_wconf 88' lang='lat' dir='ltr'><strong>adversus</strong></span> <span class='ocrx_word' id='word_1_35' title='bbox 899 896 1001 976; x_wconf 86' lang='lat' dir='ltr'><strong>ipsam</strong></span> <span class='ocrx_word' id='word_1_36' title='bbox 1015 917 1119 958; x_wconf 88' lang='lat' dir='ltr'><strong>rerum</strong></span> <span class='ocrx_word' id='word_1_37' title='bbox 1133 905 1279 960; x_wconf 90' lang='lat' dir='ltr'><strong>naturam</strong></span> 
     </span>
     <span class='ocr_line' id='line_1_6' title="bbox 245 1001 1276 1082; baseline 0.003 -20"><span class='ocrx_word' id='word_1_38' title='bbox 245 1017 351 1081; x_wconf 78' lang='lat' dir='ltr'><strong>oopus</strong></span> <span class='ocrx_word' id='word_1_39' title='bbox 372 1001 445 1077; x_wconf 84' lang='lat' dir='ltr'><strong>fuit,</strong></span> <span class='ocrx_word' id='word_1_40' title='bbox 460 1020 562 1078; x_wconf 90' lang='lat' dir='ltr'><strong>neque</strong></span> <span class='ocrx_word' id='word_1_41' title='bbox 582 1019 632 1060; x_wconf 91' lang='lat' dir='ltr'><strong>me</strong></span> <span class='ocrx_word' id='word_1_42' title='bbox 653 1001 791 1061; x_wconf 91' lang='lat' dir='ltr'><strong>militum</strong></span> <span class='ocrx_word' id='word_1_43' title='bbox 812 1020 913 1079; x_wconf 90' lang='lat' dir='ltr'><strong>neque</strong></span> <span class='ocrx_word' id='word_1_44' title='bbox 930 1021 986 1064; x_wconf 79' lang='lat' dir='ltr'><strong>vos</strong></span> <span class='ocrx_word' id='word_1_45' title='bbox 1006 1003 1094 1064; x_wconf 90' lang='lat' dir='ltr'><strong>ducis</strong></span> <span class='ocrx_word' id='word_1_46' title='bbox 1112 1005 1276 1082; x_wconf 86' lang='lat' dir='ltr'><strong>paenituit.</strong></span> 
     </span>
     <span class='ocr_line' id='line_1_7' title="bbox 273 1106 1279 1187; baseline 0.002 -21"><span class='ocrx_word' id='word_1_47' title='bbox 273 1108 357 1183; x_wconf 84' lang='lat' dir='ltr'><strong>Ergo</strong></span> <span class='ocrx_word' id='word_1_48' title='bbox 372 1106 496 1183; x_wconf 84' lang='lat' dir='ltr'><strong>egressi,</strong></span> <span class='ocrx_word' id='word_1_49' title='bbox 512 1124 569 1182; x_wconf 85' lang='lat' dir='ltr'><strong>ego</strong></span> <span class='ocrx_word' id='word_1_50' title='bbox 583 1111 724 1166; x_wconf 91' lang='lat' dir='ltr'><strong>veterum</strong></span> <span class='ocrx_word' id='word_1_51' title='bbox 738 1106 921 1182; x_wconf 88' lang='lat' dir='ltr'><strong>legatorum,</strong></span> <span class='ocrx_word' id='word_1_52' title='bbox 936 1127 992 1168; x_wconf 89' lang='lat' dir='ltr'><strong>vos</strong></span> <span class='ocrx_word' id='word_1_53' title='bbox 1009 1108 1148 1187; x_wconf 83' lang='lat' dir='ltr'><strong>priorum</strong></span> <span class='ocrx_word' id='word_1_54' title='bbox 1166 1110 1279 1169; x_wconf 84' lang='lat' dir='ltr'><strong>exerci-</strong></span> 
     </span>
     <span class='ocr_line' id='line_1_8' title="bbox 274 1210 1277 1289; baseline 0.001 -17"><span class='ocrx_word' id='word_1_55' title='bbox 274 1217 362 1272; x_wconf 91' lang='lat' dir='ltr'><strong>tuum</strong></span> <span class='ocrx_word' id='word_1_56' title='bbox 382 1211 542 1285; x_wconf 90' lang='lat' dir='ltr'><strong>terminos,</strong></span> <span class='ocrx_word' id='word_1_57' title='bbox 564 1210 659 1270; x_wconf 91' lang='lat' dir='ltr'><strong>finem</strong></span> <span class='ocrx_word' id='word_1_58' title='bbox 681 1211 863 1272; x_wconf 88' lang='lat' dir='ltr'><strong>Britanniae</strong></span> <span class='ocrx_word' id='word_1_59' title='bbox 878 1231 941 1271; x_wconf 94' lang='lat' dir='ltr'><strong>non</strong></span> <span class='ocrx_word' id='word_1_60' title='bbox 962 1213 1048 1272; x_wconf 87' lang='lat' dir='ltr'><strong>fama</strong></span> <span class='ocrx_word' id='word_1_61' title='bbox 1068 1231 1125 1274; x_wconf 91' lang='lat' dir='ltr'><strong>nec</strong></span> <span class='ocrx_word' id='word_1_62' title='bbox 1145 1233 1277 1289; x_wconf 89' lang='lat' dir='ltr'><strong>rumore,</strong></span> 
     </span>
     <span class='ocr_line' id='line_1_9' title="bbox 274 1316 1280 1481; baseline 0.002 -104"><span class='ocrx_word' id='word_1_63' title='bbox 274 1317 329 1378; x_wconf 90' lang='lat' dir='ltr'><strong>scd</strong></span> <span class='ocrx_word' id='word_1_64' title='bbox 343 1316 453 1388; x_wconf 83' lang='lat' dir='ltr'><strong>castris</strong></span> <span class='ocrx_word' id='word_1_65' title='bbox 467 1316 613 1481; x_wconf 54' lang='lat' dir='ltr'><strong>{parmis</strong></span> <span class='ocrx_word' id='word_1_66' title='bbox 631 1321 791 1377; x_wconf 89' lang='lat' dir='ltr'><strong>tenemus:</strong></span> <span class='ocrx_word' id='word_1_67' title='bbox 821 1317 951 1377; x_wconf 86' lang='lat' dir='ltr'><strong>inventa</strong></span> <span class='ocrx_word' id='word_1_68' title='bbox 971 1317 1138 1378; x_wconf 89' lang='lat' dir='ltr'><strong>Britannia</strong></span> <span class='ocrx_word' id='word_1_69' title='bbox 1158 1324 1190 1378; x_wconf 91' lang='lat' dir='ltr'><strong>et</strong></span> <span class='ocrx_word' id='word_1_70' title='bbox 1211 1320 1280 1380; x_wconf 94' lang='lat' dir='ltr'><strong>sub·</strong></span> 
     </span>
     <span class='ocr_line' id='line_1_10' title="bbox 273 1377 1280 1500; baseline 0 -18"><span class='ocrx_word' id='word_1_71' title='bbox 273 1427 350 1482; x_wconf 84' lang='lat' dir='ltr'><strong>acta.</strong></span> <span class='ocrx_word' id='word_1_72' title='bbox 392 1403 477 1500; x_wconf 73' lang='lat' dir='ltr'><strong>Eqiir</strong></span> <span class='ocrx_word' id='word_1_73' title='bbox 500 1377 663 1499; x_wconf 53' lang='lat' dir='ltr'><strong>etrissaepe</strong></span> <span class='ocrx_word' id='word_1_74' title='bbox 684 1421 718 1480; x_wconf 92' lang='lat' dir='ltr'><strong>in</strong></span> <span class='ocrx_word' id='word_1_75' title='bbox 739 1422 871 1498; x_wconf 84' lang='lat' dir='ltr'><strong>agmine,</strong></span> <span class='ocrx_word' id='word_1_76' title='bbox 887 1441 957 1482; x_wconf 90' lang='lat' dir='ltr'><strong>cum</strong></span> <span class='ocrx_word' id='word_1_77' title='bbox 974 1441 1030 1484; x_wconf 90' lang='lat' dir='ltr'><strong>vos</strong></span> <span class='ocrx_word' id='word_1_78' title='bbox 1047 1422 1178 1500; x_wconf 89' lang='lat' dir='ltr'><strong>paludes</strong></span> <span class='ocrx_word' id='word_1_79' title='bbox 1195 1443 1280 1483; x_wconf 91' lang='lat' dir='ltr'><strong>mon-</strong></span> 
     </span>
     <span class='ocr_line' id='line_1_11' title="bbox 231 1526 1278 1622; baseline 0.002 -36"><span class='ocrx_word' id='word_1_80' title='bbox 231 1539 261 1586; x_wconf 91' lang='lat'><strong>10</strong></span> <span class='ocrx_word' id='word_1_81' title='bbox 273 1532 383 1605; x_wconf 79' lang='lat' dir='ltr'><strong>tesqua</strong></span> <span class='ocrx_word' id='word_1_82' title='bbox 407 1533 440 1588; x_wconf 88' lang='lat' dir='ltr'><strong>et</strong></span> <span class='ocrx_word' id='word_1_83' title='bbox 464 1526 594 1587; x_wconf 91' lang='lat' dir='ltr'><strong>flumina</strong></span> <span class='ocrx_word' id='word_1_84' title='bbox 619 1527 801 1603; x_wconf 83' lang='lat' dir='ltr'><strong>fatigarent,</strong></span> <span class='ocrx_word' id='word_1_85' title='bbox 822 1527 1165 1622; x_wconf 60' lang='lat' dir='ltr'><strong>fordssimipuiusque</strong></span> <span class='ocrx_word' id='word_1_86' title='bbox 1187 1547 1278 1589; x_wconf 85' lang='lat' dir='ltr'><strong>voces</strong></span> 
     </span>
     <span class='ocr_line' id='line_1_12' title="bbox 273 1632 1278 1710; baseline 0.001 -17"><span class='ocrx_word' id='word_1_87' title='bbox 273 1632 453 1693; x_wconf 85' lang='lat' dir='ltr'><strong>audiebam:</strong></span> <span class='ocrx_word' id='word_1_88' title='bbox 484 1633 627 1710; x_wconf 87' lang='lat' dir='ltr'><strong>‘quando</strong></span> <span class='ocrx_word' id='word_1_89' title='bbox 649 1633 776 1693; x_wconf 88' lang='lat' dir='ltr'><strong>dabitur</strong></span> <span class='ocrx_word' id='word_1_90' title='bbox 796 1632 907 1708; x_wconf 89' lang='lat' dir='ltr'><strong>hostis,</strong></span> <span class='ocrx_word' id='word_1_91' title='bbox 929 1634 1054 1710; x_wconf 90' lang='lat' dir='ltr'><strong>quando</strong></span> <span class='ocrx_word' id='word_1_92' title='bbox 1072 1635 1089 1705; x_wconf 73' lang='lat' dir='ltr'><strong>t</strong></span> <span class='ocrx_word' id='word_1_93' title='bbox 1109 1633 1278 1694; x_wconf 86' lang='lat' dir='ltr'><strong>animus?&#39;</strong></span> 
     </span>
     <span class='ocr_line' id='line_1_13' title="bbox 272 1715 1278 1824; baseline 0 -27"><span class='ocrx_word' id='word_1_94' title='bbox 272 1715 456 1824; x_wconf 50' lang='lat' dir='ltr'><strong>veniuntsre</strong></span> <span class='ocrx_word' id='word_1_95' title='bbox 484 1737 614 1799; x_wconf 88' lang='lat' dir='ltr'><strong>latebris</strong></span> <span class='ocrx_word' id='word_1_96' title='bbox 643 1737 708 1799; x_wconf 89' lang='lat' dir='ltr'><strong>suis</strong></span> <span class='ocrx_word' id='word_1_97' title='bbox 737 1738 867 1813; x_wconf 89' lang='lat' dir='ltr'><strong>extrusi,</strong></span> <span class='ocrx_word' id='word_1_98' title='bbox 892 1743 924 1797; x_wconf 90' lang='lat' dir='ltr'><strong>ct</strong></span> <span class='ocrx_word' id='word_1_99' title='bbox 951 1743 1026 1798; x_wconf 87' lang='lat' dir='ltr'><strong>vota</strong></span> <span class='ocrx_word' id='word_1_100' title='bbox 1052 1738 1216 1816; x_wconf 75' lang='lat' dir='ltr'><strong>virtusque</strong></span> <span class='ocrx_word' id='word_1_101' title='bbox 1244 1739 1278 1798; x_wconf 95' lang='lat' dir='ltr'><strong>in</strong></span> 
     </span>
     <span class='ocr_line' id='line_1_14' title="bbox 273 1841 1278 1922; baseline 0 -18"><span class='ocrx_word' id='word_1_102' title='bbox 273 1849 391 1922; x_wconf 91' lang='lat' dir='ltr'><strong>apert0,</strong></span> <span class='ocrx_word' id='word_1_103' title='bbox 416 1841 583 1921; x_wconf 88' lang='lat' dir='ltr'><strong>omniaque</strong></span> <span class='ocrx_word' id='word_1_104' title='bbox 610 1861 710 1921; x_wconf 88' lang='lat' dir='ltr'><strong>prona</strong></span> <span class='ocrx_word' id='word_1_105' title='bbox 733 1843 905 1903; x_wconf 87' lang='lat' dir='ltr'><strong>victoribus</strong></span> <span class='ocrx_word' id='word_1_106' title='bbox 933 1848 1028 1920; x_wconf 90' lang='lat' dir='ltr'><strong>atque</strong></span> <span class='ocrx_word' id='word_1_107' title='bbox 1053 1843 1161 1903; x_wconf 86' lang='lat' dir='ltr'><strong>eadem</strong></span> <span class='ocrx_word' id='word_1_108' title='bbox 1186 1843 1278 1904; x_wconf 88' lang='lat' dir='ltr'><strong>victis</strong></span> 
     </span>
     <span class='ocr_line' id='line_1_15' title="bbox 273 1948 1279 2028; baseline -0.005 -16"><span class='ocrx_word' id='word_1_109' title='bbox 273 1953 412 2012; x_wconf 87' lang='lat' dir='ltr'><strong>adversa.</strong></span> <span class='ocrx_word' id='word_1_110' title='bbox 454 1952 539 2011; x_wconf 86' lang='lat' dir='ltr'><strong>Nam</strong></span> <span class='ocrx_word' id='word_1_111' title='bbox 561 1955 593 2010; x_wconf 92' lang='lat' dir='ltr'><strong>et</strong></span> <span class='ocrx_word' id='word_1_112' title='bbox 614 1967 777 2028; x_wconf 88' lang='lat' dir='ltr'><strong>superasse</strong></span> <span class='ocrx_word' id='word_1_113' title='bbox 797 1954 922 2008; x_wconf 92' lang='lat' dir='ltr'><strong>tantum</strong></span> <span class='ocrx_word' id='word_1_114' title='bbox 943 1948 1075 2024; x_wconf 91' lang='lat' dir='ltr'><strong>itineris,</strong></span> <span class='ocrx_word' id='word_1_115' title='bbox 1092 1948 1189 2009; x_wconf 86' lang='lat' dir='ltr'><strong>silvas</strong></span> <span class='ocrx_word' id='word_1_116' title='bbox 1210 1967 1279 2008; x_wconf 80' lang='lat' dir='ltr'><strong>eva</strong></span> 
     </span>
     <span class='ocr_line' id='line_1_16' title="bbox 232 2054 1279 2132; baseline -0.006 -14"><span class='ocrx_word' id='word_1_117' title='bbox 232 2063 261 2108; x_wconf 86' lang='lat'><strong>15</strong></span> <span class='ocrx_word' id='word_1_118' title='bbox 274 2057 361 2132; x_wconf 89' lang='lat' dir='ltr'><strong>sisse,</strong></span> <span class='ocrx_word' id='word_1_119' title='bbox 377 2056 528 2118; x_wconf 76' lang='lat' dir='ltr'><strong>transisse</strong></span> <span class='ocrx_word' id='word_1_120' title='bbox 550 2054 707 2116; x_wconf 87' lang='lat' dir='ltr'><strong>aestuaria</strong></span> <span class='ocrx_word' id='word_1_121' title='bbox 727 2054 893 2132; x_wconf 89' lang='lat' dir='ltr'><strong>pulchrum</strong></span> <span class='ocrx_word' id='word_1_122' title='bbox 915 2072 951 2114; x_wconf 90' lang='lat' dir='ltr'><strong>ac</strong></span> <span class='ocrx_word' id='word_1_123' title='bbox 972 2055 1117 2114; x_wconf 90' lang='lat' dir='ltr'><strong>decorum</strong></span> <span class='ocrx_word' id='word_1_124' title='bbox 1140 2054 1175 2112; x_wconf 93' lang='lat' dir='ltr'><strong>in</strong></span> <span class='ocrx_word' id='word_1_125' title='bbox 1195 2055 1279 2114; x_wconf 85' lang='lat' dir='ltr'><strong>fron·</strong></span> 
     </span>
     <span class='ocr_line' id='line_1_17' title="bbox 273 2159 1279 2242; baseline -0.002 -20"><span class='ocrx_word' id='word_1_126' title='bbox 273 2168 346 2238; x_wconf 89' lang='lat' dir='ltr'><strong>tem,</strong></span> <span class='ocrx_word' id='word_1_127' title='bbox 363 2163 464 2242; x_wconf 80' lang='lat' dir='ltr'><strong>(item)</strong></span> <span class='ocrx_word' id='word_1_128' title='bbox 480 2160 675 2238; x_wconf 86' lang='lat' dir='ltr'><strong>fugientibus</strong></span> <span class='ocrx_word' id='word_1_129' title='bbox 696 2159 962 2238; x_wconf 90' lang='lat' dir='ltr'><strong>periculosissima</strong></span> <span class='ocrx_word' id='word_1_130' title='bbox 983 2178 1063 2237; x_wconf 90' lang='lat' dir='ltr'><strong>quae</strong></span> <span class='ocrx_word' id='word_1_131' title='bbox 1080 2159 1173 2219; x_wconf 93' lang='lat' dir='ltr'><strong>hodie</strong></span> <span class='ocrx_word' id='word_1_132' title='bbox 1194 2179 1279 2237; x_wconf 90' lang='lat' dir='ltr'><strong>pros-</strong></span> 
     </span>
     <span class='ocr_line' id='line_1_18' title="bbox 273 2264 1277 2346; baseline -0.006 -18"><span class='ocrx_word' id='word_1_133' title='bbox 273 2267 410 2346; x_wconf 87' lang='lat' dir='ltr'><strong>perrima</strong></span> <span class='ocrx_word' id='word_1_134' title='bbox 437 2272 527 2343; x_wconf 88' lang='lat' dir='ltr'><strong>sunt;</strong></span> <span class='ocrx_word' id='word_1_135' title='bbox 562 2284 664 2343; x_wconf 89' lang='lat' dir='ltr'><strong>neque</strong></span> <span class='ocrx_word' id='word_1_136' title='bbox 692 2265 776 2324; x_wconf 92' lang='lat' dir='ltr'><strong>enim</strong></span> <span class='ocrx_word' id='word_1_137' title='bbox 804 2264 894 2325; x_wconf 92' lang='lat' dir='ltr'><strong>nobis</strong></span> <span class='ocrx_word' id='word_1_138' title='bbox 923 2270 978 2324; x_wconf 90' lang='lat' dir='ltr'><strong>aut</strong></span> <span class='ocrx_word' id='word_1_139' title='bbox 1004 2265 1141 2324; x_wconf 92' lang='lat' dir='ltr'><strong>locorum</strong></span> <span class='ocrx_word' id='word_1_140' title='bbox 1170 2265 1277 2324; x_wconf 87' lang='lat' dir='ltr'><strong>eadem</strong></span> 
     </span>
     <span class='ocr_line' id='line_1_19' title="bbox 273 2369 1277 2443; baseline -0.001 -13"><span class='ocrx_word' id='word_1_141' title='bbox 273 2373 387 2432; x_wconf 92' lang='lat' dir='ltr'><strong>notitia</strong></span> <span class='ocrx_word' id='word_1_142' title='bbox 411 2378 466 2432; x_wconf 92' lang='lat' dir='ltr'><strong>aut</strong></span> <span class='ocrx_word' id='word_1_143' title='bbox 489 2375 708 2431; x_wconf 90' lang='lat' dir='ltr'><strong>conmeatuum</strong></span> <span class='ocrx_word' id='word_1_144' title='bbox 732 2369 842 2429; x_wconf 90' lang='lat' dir='ltr'><strong>eadem</strong></span> <span class='ocrx_word' id='word_1_145' title='bbox 864 2369 1066 2443; x_wconf 86' lang='lat' dir='ltr'><strong>abundantia,</strong></span> <span class='ocrx_word' id='word_1_146' title='bbox 1089 2369 1144 2430; x_wconf 88' lang='lat' dir='ltr'><strong>sed</strong></span> <span class='ocrx_word' id='word_1_147' title='bbox 1167 2388 1277 2429; x_wconf 90' lang='lat' dir='ltr'><strong>manus</strong></span> 
     </span>
     <span class='ocr_line' id='line_1_20' title="bbox 273 2473 1279 2551; baseline -0.005 -14"><span class='ocrx_word' id='word_1_148' title='bbox 273 2483 305 2538; x_wconf 92' lang='lat' dir='ltr'><strong>et</strong></span> <span class='ocrx_word' id='word_1_149' title='bbox 326 2496 413 2537; x_wconf 87' lang='lat' dir='ltr'><strong>arma</strong></span> <span class='ocrx_word' id='word_1_150' title='bbox 433 2482 465 2536; x_wconf 90' lang='lat' dir='ltr'><strong>et</strong></span> <span class='ocrx_word' id='word_1_151' title='bbox 485 2476 519 2534; x_wconf 94' lang='lat' dir='ltr'><strong>in</strong></span> <span class='ocrx_word' id='word_1_152' title='bbox 540 2475 590 2536; x_wconf 91' lang='lat' dir='ltr'><strong>his</strong></span> <span class='ocrx_word' id='word_1_153' title='bbox 611 2475 723 2535; x_wconf 87' lang='lat' dir='ltr'><strong>omnia.</strong></span> <span class='ocrx_word' id='word_1_154' title='bbox 766 2474 857 2545; x_wconf 82' lang='lat' dir='ltr'><strong>Quod</strong></span> <span class='ocrx_word' id='word_1_155' title='bbox 873 2473 914 2533; x_wconf 88' lang='lat' dir='ltr'><strong>ad</strong></span> <span class='ocrx_word' id='word_1_156' title='bbox 927 2492 977 2533; x_wconf 92' lang='lat' dir='ltr'><strong>me</strong></span> <span class='ocrx_word' id='word_1_157' title='bbox 992 2473 1123 2549; x_wconf 87' lang='lat' dir='ltr'><strong>adtinet,</strong></span> <span class='ocrx_word' id='word_1_158' title='bbox 1139 2474 1202 2534; x_wconf 90' lang='lat' dir='ltr'><strong>iam</strong></span> <span class='ocrx_word' id='word_1_159' title='bbox 1217 2474 1279 2551; x_wconf 90' lang='lat' dir='ltr'><strong>pri-</strong></span> 
     </span>
     <span class='ocr_line' id='line_1_21' title="bbox 230 2578 1279 2656; baseline 0.002 -20"><span class='ocrx_word' id='word_1_160' title='bbox 230 2591 260 2636; x_wconf 81' lang='lat' dir='ltr'><strong>ac</strong></span> <span class='ocrx_word' id='word_1_161' title='bbox 273 2583 345 2642; x_wconf 87' lang='lat' dir='ltr'><strong>dem</strong></span> <span class='ocrx_word' id='word_1_162' title='bbox 359 2581 439 2640; x_wconf 91' lang='lat' dir='ltr'><strong>mihi</strong></span> <span class='ocrx_word' id='word_1_163' title='bbox 453 2581 612 2641; x_wconf 90' lang='lat' dir='ltr'><strong>decretum</strong></span> <span class='ocrx_word' id='word_1_164' title='bbox 627 2585 676 2640; x_wconf 90' lang='lat' dir='ltr'><strong>est</strong></span> <span class='ocrx_word' id='word_1_165' title='bbox 689 2597 790 2656; x_wconf 87' lang='lat' dir='ltr'><strong>neque</strong></span> <span class='ocrx_word' id='word_1_166' title='bbox 805 2578 960 2648; x_wconf 84' lang='lat' dir='ltr'><strong>exercitus</strong></span> <span class='ocrx_word' id='word_1_167' title='bbox 974 2597 1075 2656; x_wconf 89' lang='lat' dir='ltr'><strong>neque</strong></span> <span class='ocrx_word' id='word_1_168' title='bbox 1087 2579 1175 2638; x_wconf 91' lang='lat' dir='ltr'><strong>ducis</strong></span> <span class='ocrx_word' id='word_1_169' title='bbox 1190 2584 1279 2654; x_wconf 86' lang='lat' dir='ltr'><strong>terga</strong></span> 
     </span>
     <span class='ocr_line' id='line_1_22' title="bbox 272 2682 1278 2761; baseline -0.005 -15"><span class='ocrx_word' id='word_1_170' title='bbox 272 2692 344 2746; x_wconf 91' lang='lat' dir='ltr'><strong>tuta</strong></span> <span class='ocrx_word' id='word_1_171' title='bbox 357 2703 433 2746; x_wconf 90' lang='lat' dir='ltr'><strong>esse.</strong></span> <span class='ocrx_word' id='word_1_172' title='bbox 475 2684 612 2744; x_wconf 84' lang='lat' dir='ltr'><strong>Proinde</strong></span> <span class='ocrx_word' id='word_1_173' title='bbox 633 2688 665 2743; x_wconf 89' lang='lat' dir='ltr'><strong>et</strong></span> <span class='ocrx_word' id='word_1_174' title='bbox 681 2682 815 2744; x_wconf 89' lang='lat' dir='ltr'><strong>honesta</strong></span> <span class='ocrx_word' id='word_1_175' title='bbox 828 2701 921 2758; x_wconf 89' lang='lat' dir='ltr'><strong>mors,</strong></span> <span class='ocrx_word' id='word_1_176' title='bbox 935 2682 1022 2761; x_wconf 90' lang='lat' dir='ltr'><strong>turpi</strong></span> <span class='ocrx_word' id='word_1_177' title='bbox 1036 2682 1103 2742; x_wconf 89' lang='lat' dir='ltr'><strong>vita</strong></span> <span class='ocrx_word' id='word_1_178' title='bbox 1119 2683 1230 2760; x_wconf 86' lang='lat' dir='ltr'><strong>potior,</strong></span> <span class='ocrx_word' id='word_1_179' title='bbox 1246 2688 1278 2741; x_wconf 92' lang='lat' dir='ltr'><strong>et</strong></span> 
     </span>
     <span class='ocr_line' id='line_1_23' title="bbox 272 2787 1277 2864; baseline -0.003 -16"><span class='ocrx_word' id='word_1_180' title='bbox 272 2789 473 2848; x_wconf 83' lang='lat' dir='ltr'><strong>incolumitas</strong></span> <span class='ocrx_word' id='word_1_181' title='bbox 488 2807 523 2848; x_wconf 91' lang='lat' dir='ltr'><strong>ac</strong></span> <span class='ocrx_word' id='word_1_182' title='bbox 538 2789 633 2848; x_wconf 87' lang='lat' dir='ltr'><strong>decus</strong></span> <span class='ocrx_word' id='word_1_183' title='bbox 648 2789 757 2848; x_wconf 90' lang='lat' dir='ltr'><strong>eodem</strong></span> <span class='ocrx_word' id='word_1_184' title='bbox 772 2788 840 2848; x_wconf 91' lang='lat' dir='ltr'><strong>loco</strong></span> <span class='ocrx_word' id='word_1_185' title='bbox 855 2789 918 2847; x_wconf 90' lang='lat' dir='ltr'><strong>sita</strong></span> <span class='ocrx_word' id='word_1_186' title='bbox 932 2793 1022 2863; x_wconf 91' lang='lat' dir='ltr'><strong>sunt;</strong></span> <span class='ocrx_word' id='word_1_187' title='bbox 1037 2806 1094 2846; x_wconf 91' lang='lat' dir='ltr'><strong>nec</strong></span> <span class='ocrx_word' id='word_1_188' title='bbox 1108 2787 1277 2864; x_wconf 87' lang='lat' dir='ltr'><strong>inglorium</strong></span> 
     </span>
    </p>

    <p class='ocr_par' dir='ltr' id='par_1_3' title="bbox 56 2892 1279 3918">
     <span class='ocr_line' id='line_1_24' title="bbox 273 2892 1133 2971; baseline -0.001 -19"><span class='ocrx_word' id='word_1_189' title='bbox 273 2895 371 2954; x_wconf 88' lang='lat' dir='ltr'><strong>fuerit</strong></span> <span class='ocrx_word' id='word_1_190' title='bbox 390 2895 423 2952; x_wconf 93' lang='lat' dir='ltr'><strong>in</strong></span> <span class='ocrx_word' id='word_1_191' title='bbox 438 2894 508 2971; x_wconf 90' lang='lat' dir='ltr'><strong>ipso</strong></span> <span class='ocrx_word' id='word_1_192' title='bbox 522 2895 676 2952; x_wconf 90' lang='lat' dir='ltr'><strong>terrarum</strong></span> <span class='ocrx_word' id='word_1_193' title='bbox 691 2912 726 2953; x_wconf 90' lang='lat' dir='ltr'><strong>ao</strong></span> <span class='ocrx_word' id='word_1_194' title='bbox 741 2899 871 2952; x_wconf 87' lang='lat' dir='ltr'><strong>naturae</strong></span> <span class='ocrx_word' id='word_1_195' title='bbox 885 2892 947 2952; x_wconf 92' lang='lat' dir='ltr'><strong>fine</strong></span> <span class='ocrx_word' id='word_1_196' title='bbox 962 2892 1133 2953; x_wconf 68' lang='lat' dir='ltr'><strong>cecidisse!</strong></span> 
     </span>
     <span class='ocr_line' id='line_1_25' title="bbox 314 2997 1276 3075; baseline -0.003 -16"><span class='ocrx_word' id='word_1_197' title='bbox 314 2997 361 3059; x_wconf 82' lang='lat'><strong>34.</strong></span> <span class='ocrx_word' id='word_1_198' title='bbox 393 2999 444 3058; x_wconf 83' lang='lat' dir='ltr'><strong>‘Si</strong></span> <span class='ocrx_word' id='word_1_199' title='bbox 465 3017 564 3058; x_wconf 89' lang='lat' dir='ltr'><strong>novae</strong></span> <span class='ocrx_word' id='word_1_200' title='bbox 587 3004 695 3075; x_wconf 87' lang='lat' dir='ltr'><strong>gentes</strong></span> <span class='ocrx_word' id='word_1_201' title='bbox 721 3004 815 3075; x_wconf 92' lang='lat' dir='ltr'><strong>atque</strong></span> <span class='ocrx_word' id='word_1_202' title='bbox 839 2997 949 3074; x_wconf 86' lang='lat' dir='ltr'><strong>ignota</strong></span> <span class='ocrx_word' id='word_1_203' title='bbox 969 2998 1052 3057; x_wconf 92' lang='lat' dir='ltr'><strong>acies</strong></span> <span class='ocrx_word' id='word_1_204' title='bbox 1073 2997 1276 3071; x_wconf 80' lang='lat' dir='ltr'><strong>constitisset,</strong></span> 
     </span>
     <span class='ocr_line' id='line_1_26' title="bbox 133 3103 1278 3181; baseline -0.003 -17"><span class='ocrx_word' id='word_1_205' title='bbox 133 3148 135 3154; x_wconf 26' lang='lat'><strong>¹</strong></span> <span class='ocrx_word' id='word_1_206' title='bbox 230 3118 259 3163; x_wconf 85' lang='lat'><strong>25</strong></span> <span class='ocrx_word' id='word_1_207' title='bbox 273 3104 407 3164; x_wconf 89' lang='lat' dir='ltr'><strong>aliorum</strong></span> <span class='ocrx_word' id='word_1_208' title='bbox 427 3105 622 3163; x_wconf 86' lang='lat' dir='ltr'><strong>exercituum</strong></span> <span class='ocrx_word' id='word_1_209' title='bbox 642 3103 795 3181; x_wconf 86' lang='lat' dir='ltr'><strong>exemplis</strong></span> <span class='ocrx_word' id='word_1_210' title='bbox 809 3123 865 3164; x_wconf 87' lang='lat' dir='ltr'><strong>vos</strong></span> <span class='ocrx_word' id='word_1_211' title='bbox 885 3103 1044 3163; x_wconf 87' lang='lat' dir='ltr'><strong>hortarer:</strong></span> <span class='ocrx_word' id='word_1_212' title='bbox 1070 3120 1153 3162; x_wconf 88' lang='lat' dir='ltr'><strong>nunc</strong></span> <span class='ocrx_word' id='word_1_213' title='bbox 1172 3109 1278 3162; x_wconf 87' lang='lat' dir='ltr'><strong>vestra</strong></span> 
     </span>
     <span class='ocr_line' id='line_1_27' title="bbox 68 3207 1278 3298; baseline -0.004 -29"><span class='ocrx_word' id='word_1_214' title='bbox 68 3289 76 3298; x_wconf 23' lang='grc' dir='ltr'><strong>ἱ</strong></span> <span class='ocrx_word' id='word_1_215' title='bbox 102 3219 204 3289; x_wconf 58' lang='lat' dir='ltr'><strong>„wa</strong></span> <span class='ocrx_word' id='word_1_216' title='bbox 273 3209 384 3268; x_wconf 89' lang='lat' dir='ltr'><strong>decora</strong></span> <span class='ocrx_word' id='word_1_217' title='bbox 412 3214 579 3292; x_wconf 73' lang='lat' dir='ltr'><strong>recensete,</strong></span> <span class='ocrx_word' id='word_1_218' title='bbox 604 3214 726 3268; x_wconf 86' lang='lat' dir='ltr'><strong>vestros</strong></span> <span class='ocrx_word' id='word_1_219' title='bbox 755 3208 860 3268; x_wconf 90' lang='lat' dir='ltr'><strong>oculos</strong></span> <span class='ocrx_word' id='word_1_220' title='bbox 888 3208 1087 3285; x_wconf 88' lang='lat' dir='ltr'><strong>interrogate.</strong></span> <span class='ocrx_word' id='word_1_221' title='bbox 1130 3207 1176 3266; x_wconf 93' lang='lat' dir='ltr'><strong>Hi</strong></span> <span class='ocrx_word' id='word_1_222' title='bbox 1204 3212 1278 3266; x_wconf 92' lang='lat' dir='ltr'><strong>sunt</strong></span> 
     </span>
     <span class='ocr_line' id='line_1_28' title="bbox 273 3291 1276 3392; baseline -0.003 -19"><span class='ocrx_word' id='word_1_223' title='bbox 273 3333 351 3392; x_wconf 93' lang='lat' dir='ltr'><strong>quos</strong></span> <span class='ocrx_word' id='word_1_224' title='bbox 366 3291 508 3391; x_wconf 73' lang='lat' dir='ltr'><strong>proximo</strong></span> <span class='ocrx_word' id='word_1_225' title='bbox 523 3332 605 3373; x_wconf 93' lang='lat' dir='ltr'><strong>anno</strong></span> <span class='ocrx_word' id='word_1_226' title='bbox 619 3332 715 3373; x_wconf 89' lang='lat' dir='ltr'><strong>unam</strong></span> <span class='ocrx_word' id='word_1_227' title='bbox 729 3313 885 3388; x_wconf 86' lang='lat' dir='ltr'><strong>legionem</strong></span> <span class='ocrx_word' id='word_1_228' title='bbox 896 3312 982 3372; x_wconf 87' lang='lat' dir='ltr'><strong>furto</strong></span> <span class='ocrx_word' id='word_1_229' title='bbox 997 3312 1098 3372; x_wconf 91' lang='lat' dir='ltr'><strong>noctis</strong></span> <span class='ocrx_word' id='word_1_230' title='bbox 1113 3311 1276 3387; x_wconf 86' lang='lat' dir='ltr'><strong>adgressos</strong></span> 
     </span>
     <span class='ocr_line' id='line_1_29' title="bbox 56 3403 1277 3506; baseline -0.005 -26"><span class='ocrx_word' id='word_1_231' title='bbox 56 3403 406 3506; x_wconf 52' lang='lat' dir='ltr'><strong>,thlamore</strong></span> <span class='ocrx_word' id='word_1_232' title='bbox 426 3419 626 3500; x_wconf 70' lang='lat' dir='ltr'><strong>debellastis;</strong></span> <span class='ocrx_word' id='word_1_233' title='bbox 651 3419 686 3477; x_wconf 93' lang='lat' dir='ltr'><strong>hi</strong></span> <span class='ocrx_word' id='word_1_234' title='bbox 707 3424 880 3478; x_wconf 89' lang='lat' dir='ltr'><strong>ceterorum</strong></span> <span class='ocrx_word' id='word_1_235' title='bbox 900 3418 1123 3477; x_wconf 88' lang='lat' dir='ltr'><strong>Britannorum</strong></span> <span class='ocrx_word' id='word_1_236' title='bbox 1145 3415 1277 3492; x_wconf 84' lang='lat' dir='ltr'><strong>fugacis-</strong></span> 
     </span>
     <span class='ocr_line' id='line_1_30' title="bbox 273 3520 1278 3601; baseline -0.005 -18"><span class='ocrx_word' id='word_1_237' title='bbox 273 3524 346 3584; x_wconf 90' lang='lat' dir='ltr'><strong>simi</strong></span> <span class='ocrx_word' id='word_1_238' title='bbox 363 3524 495 3600; x_wconf 90' lang='lat' dir='ltr'><strong>ideoque</strong></span> <span class='ocrx_word' id='word_1_239' title='bbox 512 3529 578 3584; x_wconf 92' lang='lat' dir='ltr'><strong>tam</strong></span> <span class='ocrx_word' id='word_1_240' title='bbox 595 3524 651 3583; x_wconf 90' lang='lat' dir='ltr'><strong>diu</strong></span> <span class='ocrx_word' id='word_1_241' title='bbox 668 3523 863 3601; x_wconf 88' lang='lat' dir='ltr'><strong>superstites.</strong></span> <span class='ocrx_word' id='word_1_242' title='bbox 907 3523 974 3594; x_wconf 80' lang='lat' dir='ltr'><strong>Quo</strong></span> <span class='ocrx_word' id='word_1_243' title='bbox 993 3522 1084 3582; x_wconf 93' lang='lat' dir='ltr'><strong>modo</strong></span> <span class='ocrx_word' id='word_1_244' title='bbox 1104 3521 1200 3581; x_wconf 83' lang='lat' dir='ltr'><strong>silvas</strong></span> <span class='ocrx_word' id='word_1_245' title='bbox 1220 3520 1278 3580; x_wconf 94' lang='lat' dir='ltr'><strong>sal-</strong></span> 
     </span>
     <span class='ocr_line' id='line_1_31' title="bbox 231 3627 1279 3708; baseline 0 -22"><span class='ocrx_word' id='word_1_246' title='bbox 231 3636 387 3707; x_wconf 80' lang='lat' dir='ltr'><strong>actusque</strong></span> <span class='ocrx_word' id='word_1_247' title='bbox 403 3629 639 3708; x_wconf 90' lang='lat' dir='ltr'><strong>penetrantibus</strong></span> <span class='ocrx_word' id='word_1_248' title='bbox 654 3629 862 3689; x_wconf 86' lang='lat' dir='ltr'><strong>fortissimum</strong></span> <span class='ocrx_word' id='word_1_249' title='bbox 878 3628 1024 3706; x_wconf 88' lang='lat' dir='ltr'><strong>quodque</strong></span> <span class='ocrx_word' id='word_1_250' title='bbox 1038 3627 1156 3688; x_wconf 90' lang='lat' dir='ltr'><strong>animal</strong></span> <span class='ocrx_word' id='word_1_251' title='bbox 1170 3632 1279 3686; x_wconf 89' lang='lat' dir='ltr'><strong>contra</strong></span> 
     </span>
     <span class='ocr_line' id='line_1_32' title="bbox 272 3731 1276 3812; baseline -0.004 -18"><span class='ocrx_word' id='word_1_252' title='bbox 272 3744 371 3809; x_wconf 78' lang='lat' dir='ltr'><strong>ruere,</strong></span> <span class='ocrx_word' id='word_1_253' title='bbox 391 3735 508 3812; x_wconf 88' lang='lat' dir='ltr'><strong>pavida</strong></span> <span class='ocrx_word' id='word_1_254' title='bbox 529 3741 561 3794; x_wconf 91' lang='lat' dir='ltr'><strong>et</strong></span> <span class='ocrx_word' id='word_1_255' title='bbox 581 3735 697 3794; x_wconf 88' lang='lat' dir='ltr'><strong>inertia</strong></span> <span class='ocrx_word' id='word_1_256' title='bbox 720 3735 789 3812; x_wconf 89' lang='lat' dir='ltr'><strong>ipso</strong></span> <span class='ocrx_word' id='word_1_257' title='bbox 814 3733 949 3810; x_wconf 88' lang='lat' dir='ltr'><strong>agminis</strong></span> <span class='ocrx_word' id='word_1_258' title='bbox 974 3751 1049 3793; x_wconf 91' lang='lat' dir='ltr'><strong>sono</strong></span> <span class='ocrx_word' id='word_1_259' title='bbox 1070 3731 1276 3811; x_wconf 87' lang='lat' dir='ltr'><strong>pellebantur,</strong></span> 
     </span>
     <span class='ocr_line' id='line_1_33' title="bbox 274 3836 1279 3918; baseline -0.004 -18"><span class='ocrx_word' id='word_1_260' title='bbox 274 3841 319 3901; x_wconf 90' lang='lat' dir='ltr'><strong>sic</strong></span> <span class='ocrx_word' id='word_1_261' title='bbox 344 3840 487 3900; x_wconf 89' lang='lat' dir='ltr'><strong>acerrimi</strong></span> <span class='ocrx_word' id='word_1_262' title='bbox 516 3840 740 3900; x_wconf 90' lang='lat' dir='ltr'><strong>Britannorum</strong></span> <span class='ocrx_word' id='word_1_263' title='bbox 764 3840 827 3900; x_wconf 90' lang='lat' dir='ltr'><strong>iam</strong></span> <span class='ocrx_word' id='word_1_264' title='bbox 852 3839 973 3918; x_wconf 91' lang='lat' dir='ltr'><strong>pridem</strong></span> <span class='ocrx_word' id='word_1_265' title='bbox 998 3837 1187 3914; x_wconf 90' lang='lat' dir='ltr'><strong>ceciderunt,</strong></span> <span class='ocrx_word' id='word_1_266' title='bbox 1209 3836 1279 3897; x_wconf 91' lang='lat' dir='ltr'><strong>reli-</strong></span> 
     </span>
    </p>
   </div>
   <div class='ocr_carea' id='block_1_3' title="bbox 0 0 1524 4300">
    <p class='ocr_par' dir='ltr' id='par_1_4' title="bbox 0 0 1524 4300">
     <span class='ocr_line' id='line_1_34' title="bbox 0 0 1524 4300; baseline 0 0"><span class='ocrx_word' id='word_1_267' title='bbox 0 0 1524 4300; x_wconf 95' lang='lat' dir='ltr'><strong> </strong></span> 
     </span>
    </p>
   </div>
  </div>
 </body>
</html>
